JournalCode	JournalLib	EcritureNum	EcritureDate	CompteNum	CompteLib	CompAuxNum	CompAuxLib	PieceRef	PieceDate	EcritureLib	Debit	Credit	EcritureLet	DateLet	ValidDate	Montantdevise	Idevise	DateRglt	ModeRglt	NatOp	IdClient
ac	Achats	0	20230131	40100000	FOURNISSEURS	FITFOOD	ITALIAN FOOD	01/01	20230131	ITALIAN FOOD F.374	0,00	683,23	C	20230630				20230131	CH		
ac	Achats	0	20230131	60100000	ACHATS MATIERES PREMIERES			01/01	20230131	ITALIAN FOOD F.374	631,12	0,00						20230131	CH		
ac	Achats	0	20230131	44566000	ETAT TVA SUR AUTRES BIENS ET SERVICES			01/01	20230131	ITALIAN FOOD F.374	52,11	0,00						20230131	CH		
ac	Achats	0	20230127	40100000	FOURNISSEURS	FITFOOD	ITALIAN FOOD	01/02	20230127	ITALIAN FOOD F.326	0,00	595,83	C	20230630				20230127	CH		
ac	Achats	0	20230127	60100000	ACHATS MATIERES PREMIERES			01/02	20230127	ITALIAN FOOD F.326	537,55	0,00						20230127	CH		
ac	Achats	0	20230127	44566000	ETAT TVA SUR AUTRES BIENS ET SERVICES			01/02	20230127	ITALIAN FOOD F.326	58,28	0,00						20230127	CH		
ac	Achats	0	20230124	40100000	FOURNISSEURS	FITFOOD	ITALIAN FOOD	01/03	20230124	ITALIAN FOOD F.293	0,00	686,57	C	20230630				20230124	CH		
ac	Achats	0	20230124	60100000	ACHATS MATIERES PREMIERES			01/03	20230124	ITALIAN FOOD F.293	650,78	0,00						20230124	CH		
ac	Achats	0	20230124	44566000	ETAT TVA SUR AUTRES BIENS ET SERVICES			01/03	20230124	ITALIAN FOOD F.293	35,79	0,00						20230124	CH		
ac	Achats	0	20230119	40100000	FOURNISSEURS	FITFOOD	ITALIAN FOOD	01/04	20230119	ITALIAN FOOD F.237	0,00	455,16	C	20230630				20230119	CH		
ac	Achats	0	20230119	60100000	ACHATS MATIERES PREMIERES			01/04	20230119	ITALIAN FOOD F.237	431,43	0,00						20230119	CH		
ac	Achats	0	20230119	44566000	ETAT TVA SUR AUTRES BIENS ET SERVICES			01/04	20230119	ITALIAN FOOD F.237	23,73	0,00						20230119	CH		
ac	Achats	0	20230117	40100000	FOURNISSEURS	FITFOOD	ITALIAN FOOD	01/05	20230117	ITALIAN FOOD F.209	0,00	553,13	C	20230630				20230117	CH		
ac	Achats	0	20230117	60100000	ACHATS MATIERES PREMIERES			01/05	20230117	ITALIAN FOOD F.209	524,29	0,00						20230117	CH		
ac	Achats	0	20230117	44566000	ETAT TVA SUR AUTRES BIENS ET SERVICES			01/05	20230117	ITALIAN FOOD F.209	28,84	0,00						20230117	CH		
ac	Achats	0	20230117	40100000	FOURNISSEURS	FVERGER	VERGER ST PAUL	01/06	20230117	VERGER ST PAUL	0,00	6,50	A	20230131				20230117	CH		
ac	Achats	0	20230117	60100000	ACHATS MATIERES PREMIERES			01/06	20230117	VERGER ST PAUL	6,16	0,00						20230117	CH		
ac	Achats	0	20230117	44566000	ETAT TVA SUR AUTRES BIENS ET SERVICES			01/06	20230117	VERGER ST PAUL	0,34	0,00						20230117	CH		
ac	Achats	0	20230123	40100000	FOURNISSEURS	FDIVERS	DIVERS	01/07	20230123	PHARMACI RIVOLI	0,00	16,84	E	20230131				20230123	CH		
ac	Achats	0	20230123	60630000	ACHATS FOURN.ENTRET.PETIT EQUIPEMENT			01/07	20230123	PHARMACI RIVOLI	15,96	0,00						20230123	CH		
ac	Achats	0	20230123	44566000	ETAT TVA SUR AUTRES BIENS ET SERVICES			01/07	20230123	PHARMACI RIVOLI	0,88	0,00						20230123	CH		
ac	Achats	0	20230127	40100000	FOURNISSEURS	FAPAS	A 2 PAS	01/08	20230127	A 2 PAS	0,00	17,55	C	20230131				20230127	CH		
ac	Achats	0	20230127	60630000	ACHATS FOURN.ENTRET.PETIT EQUIPEMENT			01/08	20230127	A 2 PAS	14,63	0,00						20230127	CH		
ac	Achats	0	20230127	44566000	ETAT TVA SUR AUTRES BIENS ET SERVICES			01/08	20230127	A 2 PAS	2,92	0,00						20230127	CH		
ac	Achats	0	20230121	40100000	FOURNISSEURS	FVERGER	VERGER ST PAUL	01/09	20230121	VERGER ST PAUL	0,00	3,41	B	20230131				20230121	CH		
ac	Achats	0	20230121	60100000	ACHATS MATIERES PREMIERES			01/09	20230121	VERGER ST PAUL	3,23	0,00						20230121	CH		
ac	Achats	0	20230121	44566000	ETAT TVA SUR AUTRES BIENS ET SERVICES			01/09	20230121	VERGER ST PAUL	0,18	0,00						20230121	CH		
ac	Achats	0	20230118	40100000	FOURNISSEURS	FAPAS	A 2 PAS	01/10	20230118	A 2 PAS	0,00	16,28	B	20230131				20230118	CH		
ac	Achats	0	20230118	60630000	ACHATS FOURN.ENTRET.PETIT EQUIPEMENT			01/10	20230118	A 2 PAS	14,70	0,00						20230118	CH		
ac	Achats	0	20230118	44566000	ETAT TVA SUR AUTRES BIENS ET SERVICES			01/10	20230118	A 2 PAS	1,58	0,00						20230118	CH		
ac	Achats	0	20230129	40100000	FOURNISSEURS	FVERGER	VERGER ST PAUL	01/11	20230129	VERGER ST PAUL	0,00	8,48	C	20230228				20230129	CH		
ac	Achats	0	20230129	60100000	ACHATS MATIERES PREMIERES			01/11	20230129	VERGER ST PAUL	8,04	0,00						20230129	CH		
ac	Achats	0	20230129	44566000	ETAT TVA SUR AUTRES BIENS ET SERVICES			01/11	20230129	VERGER ST PAUL	0,44	0,00						20230129	CH		
ac	Achats	0	20230124	40100000	FOURNISSEURS	FLOYER	SUMATRA	2022012596	20230124	SUMATRA 02/23	0,00	4643,50						20230124	CH		
ac	Achats	0	20230124	61320000	LOCATIONS IMMOBILIERES			2022012596	20230124	SUMATRA 02/23	3749,58	0,00						20230124	CH		
ac	Achats	0	20230124	61400000	CHARGES LOCATIVES ET COPROPRIETE			2022012596	20230124	SUMATRA 02/23	120,00	0,00						20230124	CH		
ac	Achats	0	20230124	44566000	ETAT TVA SUR AUTRES BIENS ET SERVICES			2022012596	20230124	SUMATRA 02/23	773,92	0,00						20230124	CH		
ac	Achats	0	20230126	40100000	FOURNISSEURS	FCHASSIN	CHASSINEAU	01/12	20230126	CHASSINEAU F110759	0,00	237,78						20230126	CH		
ac	Achats	0	20230126	60100000	ACHATS MATIERES PREMIERES			01/12	20230126	CHASSINEAU F110759	225,27	0,00						20230126	CH		
ac	Achats	0	20230126	44566000	ETAT TVA SUR AUTRES BIENS ET SERVICES			01/12	20230126	CHASSINEAU F110759	12,51	0,00						20230126	CH		
ac	Achats	0	20230104	40100000	FOURNISSEURS	FCHASSIN	CHASSINEAU	01/13	20230104	CHASSINEAU F106828	0,00	332,70						20230104	CH		
ac	Achats	0	20230104	60100000	ACHATS MATIERES PREMIERES			01/13	20230104	CHASSINEAU F106828	315,25	0,00						20230104	CH		
ac	Achats	0	20230104	44566000	ETAT TVA SUR AUTRES BIENS ET SERVICES			01/13	20230104	CHASSINEAU F106828	17,45	0,00						20230104	CH		
ac	Achats	0	20230103	40100000	FOURNISSEURS	FEDF	EDF	FNP	20230103	EDF	0,00	941,25	A	20230103				20230103	CH		
ac	Achats	0	20230103	60610000	ACHATS FOURN.NON STOCK.(ENERGIE EAU)			FNP	20230103	EDF	784,38	0,00						20230103	CH		
ac	Achats	0	20230103	44566000	ETAT TVA SUR AUTRES BIENS ET SERVICES			FNP	20230103	EDF	156,87	0,00						20230103	CH		
ac	Achats	0	20230103	40100000	FOURNISSEURS	FEG	EG AUDIT	FNP	20230103	EG AUDIT	0,00	1978,24	A	20230411				20230103	CH		
ac	Achats	0	20230103	62260000	HONORAIRES			FNP	20230103	EG AUDIT	1648,53	0,00						20230103	CH		
ac	Achats	0	20230103	44566000	ETAT TVA SUR AUTRES BIENS ET SERVICES			FNP	20230103	EG AUDIT	329,71	0,00						20230103	CH		
ve	Ventes	0	20230131	41100000	CLIENTS	CCB	RECETTE CB	01/2023	20230131	RECETTE CB	26608,35	0,00						20230131	CH		
ve	Ventes	0	20230131	41100000	CLIENTS	CESP	RECETTE ESPECES	01/2023	20230131	RECETTE ESPECES	10333,15	0,00						20230131	CH		
ve	Ventes	0	20230131	70101000	VENTES PF 20%			01/2023	20230131	VENTES PF 20%	0,00	9853,75						20230131	CH		
ve	Ventes	0	20230131	44571190	TVA COLLECTEE 20%			01/2023	20230131	TVA COLLECTEE 20%	0,00	1970,75						20230131	CH		
ve	Ventes	0	20230131	70101100	VENTES PF 10%			01/2023	20230131	VENTES PF 10%	0,00	22833,64						20230131	CH		
ve	Ventes	0	20230131	44571010	TVA COLLECTEE 10%			01/2023	20230131	TVA COLLECTEE 10%	0,00	2283,36						20230131	CH		
bq	Banque BNP	0	20230103	40100000	FOURNISSEURS	FEDF	EDF	PRLV	20230103	EDF	941,25	0,00	A	20230103				20230103	CH		
bq	Banque BNP	0	20230103	51210000	BANQUE BNP PARIBAS			PRLV	20230103	EDF	0,00	941,25						20230103	CH		
bq	Banque BNP	0	20230103	62700000	SERVICES BANCAIRES ET ASSIMILES			PRLV	20230103	COMMISSIONS FACT	43,50	0,00						20230103	CH		
bq	Banque BNP	0	20230103	51210000	BANQUE BNP PARIBAS			PRLV	20230103	COMMISSIONS FACT	0,00	43,50						20230103	CH		
bq	Banque BNP	0	20230104	40100000	FOURNISSEURS	FENGIE	ENGIE	PRLV	20230104	ENGIE	136,39	0,00	A	20230630				20230104	CH		
bq	Banque BNP	0	20230104	51210000	BANQUE BNP PARIBAS			PRLV	20230104	ENGIE	0,00	136,39						20230104	CH		
bq	Banque BNP	0	20230104	41100000	CLIENTS	CCB	RECETTE CB	REM CB	20230104	RECETTE CB	0,00	630,47						20230104	CH		
bq	Banque BNP	0	20230104	51210000	BANQUE BNP PARIBAS			REM CB	20230104	RECETTE CB	630,47	0,00						20230104	CH		
bq	Banque BNP	0	20230105	40100000	FOURNISSEURS	FORANGE	ORANGE	PRLV	20230105	ORANGE	63,88	0,00						20230105	CH		
bq	Banque BNP	0	20230105	51210000	BANQUE BNP PARIBAS			PRLV	20230105	ORANGE	0,00	63,88						20230105	CH		
bq	Banque BNP	0	20230106	41100000	CLIENTS	CCB	RECETTE CB	REM CB	20230106	RECETTE CB	0,00	963,98						20230106	CH		
bq	Banque BNP	0	20230106	51210000	BANQUE BNP PARIBAS			REM CB	20230106	RECETTE CB	963,98	0,00						20230106	CH		
bq	Banque BNP	0	20230109	16420000	PGE 46000			PRLV	20230109	ECH PRET 60295451	997,98	0,00						20230109	CH		
bq	Banque BNP	0	20230109	51210000	BANQUE BNP PARIBAS			PRLV	20230109	ECH PRET 60295451	0,00	997,98						20230109	CH		
bq	Banque BNP	0	20230109	41100000	CLIENTS	CCB	RECETTE CB	REM CB	20230109	RECETTE CB	0,00	114,77						20230109	CH		
bq	Banque BNP	0	20230109	51210000	BANQUE BNP PARIBAS			REM CB	20230109	RECETTE CB	114,77	0,00						20230109	CH		
bq	Banque BNP	0	20230109	41100000	CLIENTS	CCB	RECETTE CB	REM CB	20230109	RECETTE CB	0,00	2140,18						20230109	CH		
bq	Banque BNP	0	20230109	51210000	BANQUE BNP PARIBAS			REM CB	20230109	RECETTE CB	2140,18	0,00						20230109	CH		
bq	Banque BNP	0	20230110	45500000	C/C TORRE GIUSEPPE			VIR	20230110	TRESOR PUBLIC	43,00	0,00						20230110	CH		
bq	Banque BNP	0	20230110	51210000	BANQUE BNP PARIBAS			VIR	20230110	TRESOR PUBLIC	0,00	43,00						20230110	CH		
bq	Banque BNP	0	20230110	41100000	CLIENTS	CCB	RECETTE CB	REM CB	20230110	RECETTE CB	0,00	894,78						20230110	CH		
bq	Banque BNP	0	20230110	51210000	BANQUE BNP PARIBAS			REM CB	20230110	RECETTE CB	894,78	0,00						20230110	CH		
bq	Banque BNP	0	20230111	41100000	CLIENTS	CCB	RECETTE CB	REM CB	20230111	RECETTE CB	0,00	632,56						20230111	CH		
bq	Banque BNP	0	20230111	51210000	BANQUE BNP PARIBAS			REM CB	20230111	RECETTE CB	632,56	0,00						20230111	CH		
bq	Banque BNP	0	20230112	62700000	SERVICES BANCAIRES ET ASSIMILES			PRLV	20230112	INTERETS ET COMMISSIONS	291,13	0,00						20230112	CH		
bq	Banque BNP	0	20230112	51210000	BANQUE BNP PARIBAS			PRLV	20230112	INTERETS ET COMMISSIONS	0,00	291,13						20230112	CH		
bq	Banque BNP	0	20230113	41100000	CLIENTS	CCB	RECETTE CB	REM CB	20230113	RECETTE CB	0,00	958,64						20230113	CH		
bq	Banque BNP	0	20230113	51210000	BANQUE BNP PARIBAS			REM CB	20230113	RECETTE CB	958,64	0,00						20230113	CH		
bq	Banque BNP	0	20230113	42100300	PITZUS LEONARDO			VIR	20230113	PITZUS LEONARDO dec	1436,42	0,00	A	20230113				20230113	CH		
bq	Banque BNP	0	20230113	51210000	BANQUE BNP PARIBAS			VIR	20230113	PITZUS LEONARDO dec	0,00	1436,42						20230113	CH		
bq	Banque BNP	0	20230116	41100000	CLIENTS	CCB	RECETTE CB	REM CB	20230116	RECETTE CB	0,00	515,28						20230116	CH		
bq	Banque BNP	0	20230116	51210000	BANQUE BNP PARIBAS			REM CB	20230116	RECETTE CB	515,28	0,00						20230116	CH		
bq	Banque BNP	0	20230116	41100000	CLIENTS	CCB	RECETTE CB	REM CB	20230116	RECETTE CB	0,00	1425,27						20230116	CH		
bq	Banque BNP	0	20230116	51210000	BANQUE BNP PARIBAS			REM CB	20230116	RECETTE CB	1425,27	0,00						20230116	CH		
bq	Banque BNP	0	20230116	41100000	CLIENTS	CCB	RECETTE CB	REM CB	20230116	RECETTE CB	0,00	1709,80						20230116	CH		
bq	Banque BNP	0	20230116	51210000	BANQUE BNP PARIBAS			REM CB	20230116	RECETTE CB	1709,80	0,00						20230116	CH		
bq	Banque BNP	0	20230117	43100000	SECURITE SOCIALE			PRLV	20230117	URSSAF DEC	739,00	0,00	A	20230117				20230117	CH		
bq	Banque BNP	0	20230117	51210000	BANQUE BNP PARIBAS			PRLV	20230117	URSSAF DEC	0,00	739,00						20230117	CH		
bq	Banque BNP	0	20230118	41100000	CLIENTS	CCB	RECETTE CB	REM CB	20230118	RECETTE CB	0,00	1558,54						20230118	CH		
bq	Banque BNP	0	20230118	51210000	BANQUE BNP PARIBAS			REM CB	20230118	RECETTE CB	1558,54	0,00						20230118	CH		
bq	Banque BNP	0	20230119	41100000	CLIENTS	CCB	RECETTE CB	REM CB	20230119	RECETTE CB	0,00	1861,67						20230119	CH		
bq	Banque BNP	0	20230119	51210000	BANQUE BNP PARIBAS			REM CB	20230119	RECETTE CB	1861,67	0,00						20230119	CH		
bq	Banque BNP	0	20230120	41100000	CLIENTS	CCB	RECETTE CB	REM CB	20230120	RECETTE CB	0,00	2012,12						20230120	CH		
bq	Banque BNP	0	20230120	51210000	BANQUE BNP PARIBAS			REM CB	20230120	RECETTE CB	2012,12	0,00						20230120	CH		
bq	Banque BNP	0	20230120	42103700	NDIAYE BADO			VIR	20230120	NDIAYE BADO DEC	232,52	0,00	A	20230120				20230120	CH		
bq	Banque BNP	0	20230120	51210000	BANQUE BNP PARIBAS			VIR	20230120	NDIAYE BADO DEC	0,00	232,52						20230120	CH		
bq	Banque BNP	0	20230123	41100000	CLIENTS	CCB	RECETTE CB	REM CB	20230123	RECETTE CB	0,00	433,35						20230123	CH		
bq	Banque BNP	0	20230123	51210000	BANQUE BNP PARIBAS			REM CB	20230123	RECETTE CB	433,35	0,00						20230123	CH		
bq	Banque BNP	0	20230123	41100000	CLIENTS	CCB	RECETTE CB	REM CB	20230123	RECETTE CB	0,00	758,49						20230123	CH		
bq	Banque BNP	0	20230123	51210000	BANQUE BNP PARIBAS			REM CB	20230123	RECETTE CB	758,49	0,00						20230123	CH		
bq	Banque BNP	0	20230123	41100000	CLIENTS	CCB	RECETTE CB	REM CB	20230123	RECETTE CB	0,00	1867,97						20230123	CH		
bq	Banque BNP	0	20230123	51210000	BANQUE BNP PARIBAS			REM CB	20230123	RECETTE CB	1867,97	0,00						20230123	CH		
bq	Banque BNP	0	20230124	44551000	ETAT TVA A DECAISSER			PRLV	20230124	TVA 01/2023	63,00	0,00	A	20230124				20230124	CH		
bq	Banque BNP	0	20230124	51210000	BANQUE BNP PARIBAS			PRLV	20230124	TVA 01/2023	0,00	63,00						20230124	CH		
bq	Banque BNP	0	20230125	41100000	CLIENTS	CCB	RECETTE CB	REM CB	20230125	RECETTE CB	0,00	1434,61						20230125	CH		
bq	Banque BNP	0	20230125	51210000	BANQUE BNP PARIBAS			REM CB	20230125	RECETTE CB	1434,61	0,00						20230125	CH		
bq	Banque BNP	0	20230125	43750000	RETRAITE NON CADRE			PRLV	20230125	KLESIA RETRAITE 	156,33	0,00	A	20230125				20230125	CH		
bq	Banque BNP	0	20230125	51210000	BANQUE BNP PARIBAS			PRLV	20230125	KLESIA RETRAITE 	0,00	156,33						20230125	CH		
bq	Banque BNP	0	20230126	41100000	CLIENTS	CCB	RECETTE CB	REM CB	20230126	RECETTE CB	0,00	1743,34						20230126	CH		
bq	Banque BNP	0	20230126	51210000	BANQUE BNP PARIBAS			REM CB	20230126	RECETTE CB	1743,34	0,00						20230126	CH		
bq	Banque BNP	0	20230127	41100000	CLIENTS	CCB	RECETTE CB	REM CB	20230127	RECETTE CB	0,00	1266,33						20230127	CH		
bq	Banque BNP	0	20230127	51210000	BANQUE BNP PARIBAS			REM CB	20230127	RECETTE CB	1266,33	0,00						20230127	CH		
bq	Banque BNP	0	20230130	41100000	CLIENTS	CCB	RECETTE CB	REM CB	20230130	RECETTE CB	0,00	562,77						20230130	CH		
bq	Banque BNP	0	20230130	51210000	BANQUE BNP PARIBAS			REM CB	20230130	RECETTE CB	562,77	0,00						20230130	CH		
bq	Banque BNP	0	20230130	41100000	CLIENTS	CCB	RECETTE CB	REM CB	20230130	RECETTE CB	0,00	1335,56						20230130	CH		
bq	Banque BNP	0	20230130	51210000	BANQUE BNP PARIBAS			REM CB	20230130	RECETTE CB	1335,56	0,00						20230130	CH		
bq	Banque BNP	0	20230130	41100000	CLIENTS	CCB	RECETTE CB	REM CB	20230130	RECETTE CB	0,00	1520,47						20230130	CH		
bq	Banque BNP	0	20230130	51210000	BANQUE BNP PARIBAS			REM CB	20230130	RECETTE CB	1520,47	0,00						20230130	CH		
bq	Banque BNP	0	20230130	16410100	EMPRUNT BNP 1508.64€			PRLV	20230130	ECH PRET	33,60	0,00						20230130	CH		
bq	Banque BNP	0	20230130	51210000	BANQUE BNP PARIBAS			PRLV	20230130	ECH PRET	0,00	33,60						20230130	CH		
bq	Banque BNP	0	20230131	40100000	FOURNISSEURS	FVERGER	VERGER ST PAUL	CB 210123	20230131	SC ACS FRUITS	3,41	0,00	B	20230131				20230131	CH		
bq	Banque BNP	0	20230131	51210000	BANQUE BNP PARIBAS			CB 210123	20230131	SC ACS FRUITS	0,00	3,41						20230131	CH		
bq	Banque BNP	0	20230131	40100000	FOURNISSEURS	FDIVERS	DIVERS	CB 130123	20230131	SC ACS FRUITS	4,95	0,00	BB	20230228				20230131	CH		
bq	Banque BNP	0	20230131	51210000	BANQUE BNP PARIBAS			CB 130123	20230131	SC ACS FRUITS	0,00	4,95						20230131	CH		
bq	Banque BNP	0	20230131	40100000	FOURNISSEURS	FVERGER	VERGER ST PAUL	CB 170123	20230131	SC ACS FRUITS	6,50	0,00	A	20230131				20230131	CH		
bq	Banque BNP	0	20230131	51210000	BANQUE BNP PARIBAS			CB 170123	20230131	SC ACS FRUITS	0,00	6,50						20230131	CH		
bq	Banque BNP	0	20230131	40100000	FOURNISSEURS	FDIVERS	DIVERS	CB 030123	20230131	NATURALIA	7,35	0,00	BB	20230228				20230131	CH		
bq	Banque BNP	0	20230131	51210000	BANQUE BNP PARIBAS			CB 030123	20230131	NATURALIA	0,00	7,35						20230131	CH		
bq	Banque BNP	0	20230131	40100000	FOURNISSEURS	FDIVERS	DIVERS	CB 040123	20230131	SC ACS FRUITS	8,00	0,00	BB	20230228				20230131	CH		
bq	Banque BNP	0	20230131	51210000	BANQUE BNP PARIBAS			CB 040123	20230131	SC ACS FRUITS	0,00	8,00						20230131	CH		
bq	Banque BNP	0	20230131	40100000	FOURNISSEURS	FDIVERS	DIVERS	CB 180123	20230131	ALANE RACHID	11,40	0,00	BB	20230228				20230131	CH		
bq	Banque BNP	0	20230131	51210000	BANQUE BNP PARIBAS			CB 180123	20230131	ALANE RACHID	0,00	11,40						20230131	CH		
bq	Banque BNP	0	20230131	62510000	VOYAGES ET DEPLACEMENTS			CB 200123	20230131	G7	13,00	0,00						20230131	CH		
bq	Banque BNP	0	20230131	51210000	BANQUE BNP PARIBAS			CB 200123	20230131	G7	0,00	13,00						20230131	CH		
bq	Banque BNP	0	20230131	40100000	FOURNISSEURS	FDIVERS	DIVERS	CB 080123	20230131	ZETTLE DRISSI	15,00	0,00	BB	20230228				20230131	CH		
bq	Banque BNP	0	20230131	51210000	BANQUE BNP PARIBAS			CB 080123	20230131	ZETTLE DRISSI	0,00	15,00						20230131	CH		
bq	Banque BNP	0	20230131	62510000	VOYAGES ET DEPLACEMENTS			CB 150123	20230131	G7	15,00	0,00						20230131	CH		
bq	Banque BNP	0	20230131	51210000	BANQUE BNP PARIBAS			CB 150123	20230131	G7	0,00	15,00						20230131	CH		
bq	Banque BNP	0	20230131	62510000	VOYAGES ET DEPLACEMENTS			CB 150123	20230131	G7	15,00	0,00						20230131	CH		
bq	Banque BNP	0	20230131	51210000	BANQUE BNP PARIBAS			CB 150123	20230131	G7	0,00	15,00						20230131	CH		
bq	Banque BNP	0	20230131	40100000	FOURNISSEURS	FAPAS	A 2 PAS	CB 130123	20230131	A 2 PAS	15,86	0,00	D	20230630				20230131	CH		
bq	Banque BNP	0	20230131	51210000	BANQUE BNP PARIBAS			CB 130123	20230131	A 2 PAS	0,00	15,86						20230131	CH		
bq	Banque BNP	0	20230131	40100000	FOURNISSEURS	FAPAS	A 2 PAS	CB 180123	20230131	A 2 PAS	16,28	0,00	B	20230131				20230131	CH		
bq	Banque BNP	0	20230131	51210000	BANQUE BNP PARIBAS			CB 180123	20230131	A 2 PAS	0,00	16,28						20230131	CH		
bq	Banque BNP	0	20230131	40100000	FOURNISSEURS	FDIVERS	DIVERS	CB 280123	20230131	PHIE FERRANTE	16,84	0,00	E	20230131				20230131	CH		
bq	Banque BNP	0	20230131	51210000	BANQUE BNP PARIBAS			CB 280123	20230131	PHIE FERRANTE	0,00	16,84						20230131	CH		
bq	Banque BNP	0	20230131	62510000	VOYAGES ET DEPLACEMENTS			CB 220123	20230131	G7	17,00	0,00						20230131	CH		
bq	Banque BNP	0	20230131	51210000	BANQUE BNP PARIBAS			CB 220123	20230131	G7	0,00	17,00						20230131	CH		
bq	Banque BNP	0	20230131	40100000	FOURNISSEURS	FAPAS	A 2 PAS	CB 270123	20230131	A 2 PAS	17,55	0,00	C	20230131				20230131	CH		
bq	Banque BNP	0	20230131	51210000	BANQUE BNP PARIBAS			CB 270123	20230131	A 2 PAS	0,00	17,55						20230131	CH		
bq	Banque BNP	0	20230131	40100000	FOURNISSEURS	FAPAS	A 2 PAS	CB 060123	20230131	A 2 PAS	18,12	0,00	D	20230630				20230131	CH		
bq	Banque BNP	0	20230131	51210000	BANQUE BNP PARIBAS			CB 060123	20230131	A 2 PAS	0,00	18,12						20230131	CH		
bq	Banque BNP	0	20230131	40100000	FOURNISSEURS	FDIVERS	DIVERS	CB 060123	20230131	PHIE FERRANTE	21,80	0,00	BB	20230228				20230131	CH		
bq	Banque BNP	0	20230131	51210000	BANQUE BNP PARIBAS			CB 060123	20230131	PHIE FERRANTE	0,00	21,80						20230131	CH		
bq	Banque BNP	0	20230131	62510000	VOYAGES ET DEPLACEMENTS			CB 301222	20230131	RATP	33,80	0,00						20230131	CH		
bq	Banque BNP	0	20230131	51210000	BANQUE BNP PARIBAS			CB 301222	20230131	RATP	0,00	33,80						20230131	CH		
bq	Banque BNP	0	20230131	62510000	VOYAGES ET DEPLACEMENTS			CB 130123	20230131	RATP	38,20	0,00						20230131	CH		
bq	Banque BNP	0	20230131	51210000	BANQUE BNP PARIBAS			CB 130123	20230131	RATP	0,00	38,20						20230131	CH		
bq	Banque BNP	0	20230131	40100000	FOURNISSEURS	FAPAS	A 2 PAS	CB 040123	20230131	A 2 PAS	39,42	0,00	D	20230630				20230131	CH		
bq	Banque BNP	0	20230131	51210000	BANQUE BNP PARIBAS			CB 040123	20230131	A 2 PAS	0,00	39,42						20230131	CH		
bq	Banque BNP	0	20230131	40100000	FOURNISSEURS	FDIVERS	DIVERS	CB 260123	20230131	NATURALIA	39,90	0,00	BB	20230228				20230131	CH		
bq	Banque BNP	0	20230131	51210000	BANQUE BNP PARIBAS			CB 260123	20230131	NATURALIA	0,00	39,90						20230131	CH		
bq	Banque BNP	0	20230131	40100000	FOURNISSEURS	FDIVERS	DIVERS	CB 150123	20230131	C2S STORE	55,70	0,00	BB	20230228				20230131	CH		
bq	Banque BNP	0	20230131	51210000	BANQUE BNP PARIBAS			CB 150123	20230131	C2S STORE	0,00	55,70						20230131	CH		
od	Opérations diverses	0	20230131	44571190	TVA COLLECTEE 20%			01/2023	20230131	TVA 01/2023	1971,00	0,00						20230131	CH		
od	Opérations diverses	0	20230131	44571010	TVA COLLECTEE 10%			01/2023	20230131	TVA 01/2023	2283,00	0,00						20230131	CH		
od	Opérations diverses	0	20230131	44566000	ETAT TVA SUR AUTRES BIENS ET SERVICES			01/2023	20230131	TVA 01/2023	0,00	1413,00						20230131	CH		
od	Opérations diverses	0	20230131	44551000	ETAT TVA A DECAISSER			01/2023	20230131	TVA 01/2023	0,00	2841,00	B	20230223				20230131	CH		
od	Opérations diverses	0	20230131	64100000	REMUNERATIONS DU PERSONNEL			01/2023	20230131	OD SALAIRE 	1994,46	0,00						20230131	CH		
od	Opérations diverses	0	20230131	64140000	PERS INDEMNITES ET AVANTAGES DIVERS			01/2023	20230131	OD SALAIRE 	88,22	0,00						20230131	CH		
od	Opérations diverses	0	20230131	43100000	SECURITE SOCIALE			01/2023	20230131	OD SALAIRE 	0,00	357,66	B	20230216				20230131	CH		
od	Opérations diverses	0	20230131	43750000	RETRAITE NON CADRE			01/2023	20230131	OD SALAIRE 	0,00	83,51						20230131	CH		
od	Opérations diverses	0	20230131	43720000	GROUPE MORNAY			01/2023	20230131	OD SALAIRE 	0,00	12,61						20230131	CH		
od	Opérations diverses	0	20230131	43720000	GROUPE MORNAY			01/2023	20230131	OD SALAIRE 	0,00	32,84						20230131	CH		
od	Opérations diverses	0	20230131	79100000	TRANSF.CHARGES D'EXPLOITATION			01/2023	20230131	OD SALAIRE 	0,00	88,22						20230131	CH		
od	Opérations diverses	0	20230131	42103700	NDIAYE BADO			01/2023	20230131	NDIAYE BADO	23,37	0,00	B	20230228				20230131	CH		
od	Opérations diverses	0	20230131	42100300	PITZUS LEONARDO			01/2023	20230131	PITZUS LEONARDO	0,00	1431,21	B	20230209				20230131	CH		
od	Opérations diverses	0	20230131	27430000	PRETS AU PERSONNEL			01/2023	20230131	PITZUS LEONARDO	0,00	100,00						20230131	CH		
od	Opérations diverses	0	20230131	43720000	GROUPE MORNAY			01/2023	20230131	OD SALAIRE CS PP MUT	0,00	61,00						20230131	CH		
od	Opérations diverses	0	20230131	64520000	PERS COTISATIONS AUX MUTUELLES			01/2023	20230131	OD SALAIRE CS PP MUT	61,00	0,00						20230131	CH		
od	Opérations diverses	0	20230131	43720000	GROUPE MORNAY			01/2023	20230131	OD SALAIRE CS PP PREV	0,00	12,61						20230131	CH		
od	Opérations diverses	0	20230131	64520000	PERS COTISATIONS AUX MUTUELLES			01/2023	20230131	OD SALAIRE CS PP PREV	12,61	0,00						20230131	CH		
od	Opérations diverses	0	20230131	43100000	SECURITE SOCIALE			01/2023	20230131	OD SALAIRE CS PP 	0,00	320,99	B	20230216				20230131	CH		
od	Opérations diverses	0	20230131	64510000	PERS COTISATIONS A L'URSSAF			01/2023	20230131	OD SALAIRE CS PP 	320,99	0,00						20230131	CH		
od	Opérations diverses	0	20230131	43750000	RETRAITE NON CADRE			01/2023	20230131	OD SALAIRE CS PP RETRAITE	0,00	59,85						20230131	CH		
od	Opérations diverses	0	20230131	64530000	PERS COTISATIONS CAISSES DE RETRAITE			02/2024	20230131	OD SALAIRE CS PP RETRAITE	59,85	0,00						20230131	CH		
od	Opérations diverses	0	20230117	75800000	PRODUITS DIV.GESTION COURANTE			02/2024	20230117	Ecart de règlement SECURITE SOCIALE	0,00	1,07						20230117	CH		
od	Opérations diverses	0	20230117	43100000	SECURITE SOCIALE			02/2024	20230117	Ecart de règlement SECURITE SOCIALE	1,07	0,00	A	20230117				20230117	CH		
ac	Achats	0	20230217	40100000	FOURNISSEURS	FITFOOD	ITALIAN FOOD	02/01	20230217	ITALIAN FOOD F.589	0,00	271,45	C	20230630				20230217	CH		
ac	Achats	0	20230217	60100000	ACHATS MATIERES PREMIERES			02/01	20230217	ITALIAN FOOD F.589	248,23	0,00						20230217	CH		
ac	Achats	0	20230217	44566000	ETAT TVA SUR AUTRES BIENS ET SERVICES			02/01	20230217	ITALIAN FOOD F.589	23,22	0,00						20230217	CH		
ac	Achats	0	20230214	40100000	FOURNISSEURS	FITFOOD	ITALIAN FOOD	02/02	20230214	ITALIAN FOOD F.547	0,00	1314,17	C	20230630				20230214	CH		
ac	Achats	0	20230214	60100000	ACHATS MATIERES PREMIERES			02/02	20230214	ITALIAN FOOD F.547	1211,02	0,00						20230214	CH		
ac	Achats	0	20230214	44566000	ETAT TVA SUR AUTRES BIENS ET SERVICES			02/02	20230214	ITALIAN FOOD F.547	103,15	0,00						20230214	CH		
ac	Achats	0	20230210	40100000	FOURNISSEURS	FITFOOD	ITALIAN FOOD	02/03	20230210	ITALIAN FOOD F.491	0,00	785,82	C	20230630				20230210	CH		
ac	Achats	0	20230210	60100000	ACHATS MATIERES PREMIERES			02/03	20230210	ITALIAN FOOD F.491	744,85	0,00						20230210	CH		
ac	Achats	0	20230210	44566000	ETAT TVA SUR AUTRES BIENS ET SERVICES			02/03	20230210	ITALIAN FOOD F.491	40,97	0,00						20230210	CH		
ac	Achats	0	20230207	40100000	FOURNISSEURS	FITFOOD	ITALIAN FOOD	02/04	20230207	ITALIAN FOOD F.450	0,00	361,20	C	20230630				20230207	CH		
ac	Achats	0	20230207	60100000	ACHATS MATIERES PREMIERES			02/04	20230207	ITALIAN FOOD F.450	342,37	0,00						20230207	CH		
ac	Achats	0	20230207	44566000	ETAT TVA SUR AUTRES BIENS ET SERVICES			02/04	20230207	ITALIAN FOOD F.450	18,83	0,00						20230207	CH		
ac	Achats	0	20230206	40100000	FOURNISSEURS	FDIVERS	DIVERS	02/05	20230206	NATURALIA	0,00	17,19	B	20230228				20230206	CH		
ac	Achats	0	20230206	60100000	ACHATS MATIERES PREMIERES			02/05	20230206	NATURALIA	16,29	0,00						20230206	CH		
ac	Achats	0	20230206	44566000	ETAT TVA SUR AUTRES BIENS ET SERVICES			02/05	20230206	NATURALIA	0,90	0,00						20230206	CH		
ac	Achats	0	20230203	40100000	FOURNISSEURS	FDIVERS	DIVERS	02/06	20230203	PHARMACIE RIVOLI	0,00	60,36	A	20230228				20230203	CH		
ac	Achats	0	20230203	64750000	PERS MEDECINE DU TRAVAIL PHARMACIE			02/06	20230203	PHARMACIE RIVOLI	54,04	0,00						20230203	CH		
ac	Achats	0	20230203	44566000	ETAT TVA SUR AUTRES BIENS ET SERVICES			02/06	20230203	PHARMACIE RIVOLI	6,32	0,00						20230203	CH		
ac	Achats	0	20230203	40100000	FOURNISSEURS	FAPAS	A 2 PAS	02/07	20230203	A 2 PAS	0,00	7,47	A	20230228				20230203	CH		
ac	Achats	0	20230203	60630000	ACHATS FOURN.ENTRET.PETIT EQUIPEMENT			02/07	20230203	A 2 PAS	6,23	0,00						20230203	CH		
ac	Achats	0	20230203	44566000	ETAT TVA SUR AUTRES BIENS ET SERVICES			02/07	20230203	A 2 PAS	1,24	0,00						20230203	CH		
ac	Achats	0	20230204	40100000	FOURNISSEURS	FNESPRE	NESPRESSO	02/08	20230204	NESPRESSO	0,00	82,00	A	20230228				20230204	CH		
ac	Achats	0	20230204	60100000	ACHATS MATIERES PREMIERES			02/08	20230204	NESPRESSO	77,73	0,00						20230204	CH		
ac	Achats	0	20230204	44566000	ETAT TVA SUR AUTRES BIENS ET SERVICES			02/08	20230204	NESPRESSO	4,27	0,00						20230204	CH		
ac	Achats	0	20230216	40100000	FOURNISSEURS	FFRANPRI	FRANPRIX	02/09	20230216	FRANPRIX	0,00	44,00	A	20230228				20230216	CH		
ac	Achats	0	20230216	60100000	ACHATS MATIERES PREMIERES			02/09	20230216	FRANPRIX	44,00	0,00						20230216	CH		
ac	Achats	0	20230209	40100000	FOURNISSEURS	FVERGER	VERGER ST PAUL	02/10	20230209	VERGER ST PAUL	0,00	10,07	D	20230228				20230209	CH		
ac	Achats	0	20230209	60100000	ACHATS MATIERES PREMIERES			02/10	20230209	VERGER ST PAUL	9,55	0,00						20230209	CH		
ac	Achats	0	20230209	44566000	ETAT TVA SUR AUTRES BIENS ET SERVICES			02/10	20230209	VERGER ST PAUL	0,52	0,00						20230209	CH		
ac	Achats	0	20230224	40100000	FOURNISSEURS	FABCJUST	ABC JUSTICE	02/11	20230224	ABC JUSTICE	0,00	223,47						20230224	CH		
ac	Achats	0	20230224	62270000	FRAIS ACTES & CONTENTIEUX			02/11	20230224	ABC JUSTICE	186,22	0,00						20230224	CH		
ac	Achats	0	20230224	44566000	ETAT TVA SUR AUTRES BIENS ET SERVICES			02/11	20230224	ABC JUSTICE	37,25	0,00						20230224	CH		
ac	Achats	0	20230222	40100000	FOURNISSEURS	FCHASSIN	CHASSINEAU	02/12	20230222	CHASSINEAU F115494	0,00	302,28						20230222	CH		
ac	Achats	0	20230222	60100000	ACHATS MATIERES PREMIERES			02/12	20230222	CHASSINEAU F115494	286,41	0,00						20230222	CH		
ac	Achats	0	20230222	44566000	ETAT TVA SUR AUTRES BIENS ET SERVICES			02/12	20230222	CHASSINEAU F115494	15,87	0,00						20230222	CH		
ac	Achats	0	20230227	40100000	FOURNISSEURS	FLOYER	SUMATRA	02/13	20230227	SUMATRA 03/2023	0,00	4643,50						20230227	CH		
ac	Achats	0	20230227	61320000	LOCATIONS IMMOBILIERES			02/13	20230227	SUMATRA 2023002605	3749,58	0,00						20230227	CH		
ac	Achats	0	20230227	61400000	CHARGES LOCATIVES ET COPROPRIETE			02/13	20230227	SUMATRA 2023002605	120,00	0,00						20230227	CH		
ac	Achats	0	20230227	44566000	ETAT TVA SUR AUTRES BIENS ET SERVICES			02/13	20230227	SUMATRA 2023002605	773,92	0,00						20230227	CH		
ac	Achats	0	20230228	40100000	FOURNISSEURS	FDIVERS	DIVERS	FNP	20230228	DIVERS	0,00	219,86	BB	20230228				20230228	CH		
ac	Achats	0	20230228	60100000	ACHATS MATIERES PREMIERES			FNP	20230228	DIVERS	219,86	0,00						20230228	CH		
ve	Ventes	0	20230228	41100000	CLIENTS	CCB	RECETTE CB	02/2023	20230228	RECETTE CB	22344,25	0,00						20230228	CH		
ve	Ventes	0	20230228	41100000	CLIENTS	CESP	RECETTE ESPECES	02/2023	20230228	RECETTE ESPECES	6969,75	0,00						20230228	CH		
ve	Ventes	0	20230228	70101000	VENTES PF 20%			02/2023	20230228	VENTES PF 20%	0,00	7220,00						20230228	CH		
ve	Ventes	0	20230228	44571190	TVA COLLECTEE 20%			02/2023	20230228	TVA COLLECTEE 20%	0,00	1444,00						20230228	CH		
ve	Ventes	0	20230228	70101100	VENTES PF 10%			02/2023	20230228	VENTES PF 10%	0,00	18772,73						20230228	CH		
ve	Ventes	0	20230228	44571010	TVA COLLECTEE 10%			02/2023	20230228	TVA COLLECTEE 10%	0,00	1877,27						20230228	CH		
ve	Ventes	0	20230209	41100000	CLIENTS	CVIR	RECETTES VIREMENT	FAE	20230209	RECETTES VIREMENT	8196,00	0,00						20230209	CH		
ve	Ventes	0	20230209	70101100	VENTES PF 10%			FAE	20230209	RECETTES VIREMENT	0,00	7450,91						20230209	CH		
ve	Ventes	0	20230209	44571010	TVA COLLECTEE 10%			FAE	20230209	RECETTES VIREMENT	0,00	745,09						20230209	CH		
bq	Banque BNP	0	20230201	40100000	FOURNISSEURS	FITFOOD	ITALIAN FOOD	VIR	20230201	ITALIAN FOOD DEC	3516,71	0,00	C	20230630				20230201	CH		
bq	Banque BNP	0	20230201	51210000	BANQUE BNP PARIBAS			VIR	20230201	ITALIAN FOOD	0,00	3516,71						20230201	CH		
bq	Banque BNP	0	20230202	41100000	CLIENTS	CCB	RECETTE CB	REM CB	20230202	RECETTE CB	0,00	827,28						20230202	CH		
bq	Banque BNP	0	20230202	51210000	BANQUE BNP PARIBAS			REM CB	20230202	RECETTE CB	827,28	0,00						20230202	CH		
bq	Banque BNP	0	20230202	40100000	FOURNISSEURS	FENGIE	ENGIE	PRLV	20230202	ENGIE	147,98	0,00	A	20230630				20230202	CH		
bq	Banque BNP	0	20230202	51210000	BANQUE BNP PARIBAS			PRLV	20230202	ENGIE	0,00	147,98						20230202	CH		
bq	Banque BNP	0	20230202	62700000	SERVICES BANCAIRES ET ASSIMILES			PRLV	20230202	COMMISSIONS	28,80	0,00						20230202	CH		
bq	Banque BNP	0	20230202	51210000	BANQUE BNP PARIBAS			PRLV	20230202	COMMISSIONS	0,00	28,80						20230202	CH		
bq	Banque BNP	0	20230203	41100000	CLIENTS	CCB	RECETTE CB	REM CB	20230203	RECETTE CB	0,00	1015,47						20230203	CH		
bq	Banque BNP	0	20230203	51210000	BANQUE BNP PARIBAS			REM CB	20230203	RECETTE CB	1015,47	0,00						20230203	CH		
bq	Banque BNP	0	20230206	41100000	CLIENTS	CCB	RECETTE CB	REM CB	20230206	RECETTE CB	0,00	474,46						20230206	CH		
bq	Banque BNP	0	20230206	51210000	BANQUE BNP PARIBAS			REM CB	20230206	RECETTE CB	474,46	0,00						20230206	CH		
bq	Banque BNP	0	20230206	41100000	CLIENTS	CCB	RECETTE CB	REM CB	20230206	RECETTE CB	0,00	1299,33						20230206	CH		
bq	Banque BNP	0	20230206	51210000	BANQUE BNP PARIBAS			REM CB	20230206	RECETTE CB	1299,33	0,00						20230206	CH		
bq	Banque BNP	0	20230206	41100000	CLIENTS	CCB	RECETTE CB	REM CB	20230206	RECETTE CB	0,00	3085,64						20230206	CH		
bq	Banque BNP	0	20230206	51210000	BANQUE BNP PARIBAS			REM CB	20230206	RECETTE CB	3085,64	0,00						20230206	CH		
bq	Banque BNP	0	20230206	40100000	FOURNISSEURS	FORANGE	ORANGE	PRLV	20230206	ORANGE	70,12	0,00						20230206	CH		
bq	Banque BNP	0	20230206	51210000	BANQUE BNP PARIBAS			PRLV	20230206	ORANGE	0,00	70,12						20230206	CH		
bq	Banque BNP	0	20230206	43750000	RETRAITE NON CADRE			PRLV	20230206	KLESIA RETRAITE	243,66	0,00						20230206	CH		
bq	Banque BNP	0	20230206	51210000	BANQUE BNP PARIBAS			PRLV	20230206	KLESIA RETRAITE	0,00	243,66						20230206	CH		
bq	Banque BNP	0	20230207	16420000	PGE 46000			PRLV	20230207	ECH PRET 60295451	997,98	0,00						20230207	CH		
bq	Banque BNP	0	20230207	51210000	BANQUE BNP PARIBAS			PRLV	20230207	ECH PRET 60295451	0,00	997,98						20230207	CH		
bq	Banque BNP	0	20230208	41100000	CLIENTS	CCB	RECETTE CB	REM CB	20230208	RECETTE CB	0,00	1024,08						20230208	CH		
bq	Banque BNP	0	20230208	51210000	BANQUE BNP PARIBAS			REM CB	20230208	RECETTE CB	1024,08	0,00						20230208	CH		
bq	Banque BNP	0	20230209	41100000	CLIENTS	CCB	RECETTE CB	REM CB	20230209	RECETTE CB	0,00	1261,57						20230209	CH		
bq	Banque BNP	0	20230209	51210000	BANQUE BNP PARIBAS			REM CB	20230209	RECETTE CB	1261,57	0,00						20230209	CH		
bq	Banque BNP	0	20230209	41100000	CLIENTS	CVIR	RECETTES VIREMENT	VIR	20230209	DREAM LAND SALDO FT 2022-15-12	0,00	8196,00						20230209	CH		
bq	Banque BNP	0	20230209	51210000	BANQUE BNP PARIBAS			VIR	20230209	DREAM LAND SALDO FT 2022-15-12	8196,00	0,00						20230209	CH		
bq	Banque BNP	0	20230209	42100300	PITZUS LEONARDO			VIR	20230209	PITZUS LEONARDO JANV	1431,21	0,00	B	20230209				20230209	CH		
bq	Banque BNP	0	20230209	51210000	BANQUE BNP PARIBAS			VIR	20230209	PITZUS LEONARDO JANV	0,00	1431,21						20230209	CH		
bq	Banque BNP	0	20230210	41100000	CLIENTS	CCB	RECETTE CB	REM CB	20230210	RECETTE CB	0,00	1776,55						20230210	CH		
bq	Banque BNP	0	20230210	51210000	BANQUE BNP PARIBAS			REM CB	20230210	RECETTE CB	1776,55	0,00						20230210	CH		
bq	Banque BNP	0	20230213	41100000	CLIENTS	CCB	RECETTE CB	REM CB	20230213	RECETTE CB	0,00	630,89						20230213	CH		
bq	Banque BNP	0	20230213	51210000	BANQUE BNP PARIBAS			REM CB	20230213	RECETTE CB	630,89	0,00						20230213	CH		
bq	Banque BNP	0	20230213	41100000	CLIENTS	CCB	RECETTE CB	REM CB	20230213	RECETTE CB	0,00	970,40						20230213	CH		
bq	Banque BNP	0	20230213	51210000	BANQUE BNP PARIBAS			REM CB	20230213	RECETTE CB	970,40	0,00						20230213	CH		
bq	Banque BNP	0	20230213	41100000	CLIENTS	CCB	RECETTE CB	REM CB	20230213	RECETTE CB	0,00	1230,95						20230213	CH		
bq	Banque BNP	0	20230213	51210000	BANQUE BNP PARIBAS			REM CB	20230213	RECETTE CB	1230,95	0,00						20230213	CH		
bq	Banque BNP	0	20230214	40100000	FOURNISSEURS	FELIS	ELIS	VIR	20230214	ELIS	660,04	0,00	A	20230630				20230214	CH		
bq	Banque BNP	0	20230214	51210000	BANQUE BNP PARIBAS			VIR	20230214	ELIS	0,00	660,04						20230214	CH		
bq	Banque BNP	0	20230215	41100000	CLIENTS	CCB	RECETTE CB	REM CB	20230215	RECETTE CB	0,00	1638,33						20230215	CH		
bq	Banque BNP	0	20230215	51210000	BANQUE BNP PARIBAS			REM CB	20230215	RECETTE CB	1638,33	0,00						20230215	CH		
bq	Banque BNP	0	20230216	41100000	CLIENTS	CCB	RECETTE CB	REM CB	20230216	RECETTE CB	0,00	1112,63						20230216	CH		
bq	Banque BNP	0	20230216	51210000	BANQUE BNP PARIBAS			REM CB	20230216	RECETTE CB	1112,63	0,00						20230216	CH		
bq	Banque BNP	0	20230216	43100000	SECURITE SOCIALE			PRLV	20230216	URSSAF 01/2023	678,00	0,00	B	20230216				20230216	CH		
bq	Banque BNP	0	20230216	51210000	BANQUE BNP PARIBAS			PRLV	20230216	URSSAF 01/2023	0,00	678,00						20230216	CH		
bq	Banque BNP	0	20230217	41100000	CLIENTS	CCB	RECETTE CB	REM CB	20230217	RECETTE CB	0,00	1548,31						20230217	CH		
bq	Banque BNP	0	20230217	51210000	BANQUE BNP PARIBAS			REM CB	20230217	RECETTE CB	1548,31	0,00						20230217	CH		
bq	Banque BNP	0	20230220	41100000	CLIENTS	CCB	RECETTE CB	REM CB	20230220	RECETTE CB	0,00	148,65						20230220	CH		
bq	Banque BNP	0	20230220	51210000	BANQUE BNP PARIBAS			REM CB	20230220	RECETTE CB	148,65	0,00						20230220	CH		
bq	Banque BNP	0	20230220	41100000	CLIENTS	CCB	RECETTE CB	REM CB	20230220	RECETTE CB	0,00	1126,92						20230220	CH		
bq	Banque BNP	0	20230220	51210000	BANQUE BNP PARIBAS			REM CB	20230220	RECETTE CB	1126,92	0,00						20230220	CH		
bq	Banque BNP	0	20230220	41100000	CLIENTS	CCB	RECETTE CB	REM CB	20230220	RECETTE CB	0,00	1484,56						20230220	CH		
bq	Banque BNP	0	20230220	51210000	BANQUE BNP PARIBAS			REM CB	20230220	RECETTE CB	1484,56	0,00						20230220	CH		
bq	Banque BNP	0	20230221	41100000	CLIENTS	CCB	RECETTE CB	REM CB	20230221	RECETTE CB	0,00	615,42						20230221	CH		
bq	Banque BNP	0	20230221	51210000	BANQUE BNP PARIBAS			REM CB	20230221	RECETTE CB	615,42	0,00						20230221	CH		
bq	Banque BNP	0	20230222	41100000	CLIENTS	CCB	RECETTE CB	REM CB	20230222	RECETTE CB	0,00	903,91						20230222	CH		
bq	Banque BNP	0	20230222	51210000	BANQUE BNP PARIBAS			REM CB	20230222	RECETTE CB	903,91	0,00						20230222	CH		
bq	Banque BNP	0	20230223	40100000	FOURNISSEURS	FDIVERS	DIVERS	CB 220223	20230223	SC ACS FRUITS	9,16	0,00	BB	20230228				20230223	CH		
bq	Banque BNP	0	20230223	51210000	BANQUE BNP PARIBAS			CB 220223	20230223	SC ACS FRUITS	0,00	9,16						20230223	CH		
bq	Banque BNP	0	20230223	62510000	VOYAGES ET DEPLACEMENTS			CB 220223	20230223	RATP	38,20	0,00						20230223	CH		
bq	Banque BNP	0	20230223	51210000	BANQUE BNP PARIBAS			CB 220223	20230223	RATP	0,00	38,20						20230223	CH		
bq	Banque BNP	0	20230223	44551000	ETAT TVA A DECAISSER			PRLV	20230223	TVA 02/2023	2841,00	0,00	B	20230223				20230223	CH		
bq	Banque BNP	0	20230223	51210000	BANQUE BNP PARIBAS			PRLV	20230223	TVA 02/2023	0,00	2841,00						20230223	CH		
bq	Banque BNP	0	20230227	43750000	RETRAITE NON CADRE			PRLV	20230227	KLESIA RETAITE 	143,36	0,00						20230227	CH		
bq	Banque BNP	0	20230227	51210000	BANQUE BNP PARIBAS			PRLV	20230227	KLESIA RETAITE 	0,00	143,36						20230227	CH		
bq	Banque BNP	0	20230227	40100000	FOURNISSEURS	FITFOOD	ITALIAN FOOD	VIR	20230227	ITALIAN FOOD JANVIER	5938,42	0,00	C	20230630				20230227	CH		
bq	Banque BNP	0	20230227	51210000	BANQUE BNP PARIBAS			VIR	20230227	ITALIAN FOOD JANVIER	0,00	5938,42						20230227	CH		
bq	Banque BNP	0	20230228	40100000	FOURNISSEURS	FDIVERS	DIVERS	CB 100223	20230228	SC ACS FRUITS	3,00	0,00	BB	20230228				20230228	CH		
bq	Banque BNP	0	20230228	51210000	BANQUE BNP PARIBAS			CB 100223	20230228	SC ACS FRUITS	0,00	3,00						20230228	CH		
bq	Banque BNP	0	20230228	40100000	FOURNISSEURS	FAPAS	A 2 PAS	CB 030223	20230228	A 2 PAS	7,47	0,00	A	20230228				20230228	CH		
bq	Banque BNP	0	20230228	51210000	BANQUE BNP PARIBAS			CB 030223	20230228	A 2 PAS	0,00	7,47						20230228	CH		
bq	Banque BNP	0	20230228	40100000	FOURNISSEURS	FVERGER	VERGER ST PAUL	CB 290123	20230228	SC ACS FRUITS	8,48	0,00	C	20230228				20230228	CH		
bq	Banque BNP	0	20230228	51210000	BANQUE BNP PARIBAS			CB 290123	20230228	SC ACS FRUITS	0,00	8,48						20230228	CH		
bq	Banque BNP	0	20230228	40100000	FOURNISSEURS	FDIVERS	DIVERS	CB 110223	20230228	MAX TAXI 75	8,50	0,00	BB	20230228				20230228	CH		
bq	Banque BNP	0	20230228	51210000	BANQUE BNP PARIBAS			CB 110223	20230228	MAX TAXI 75	0,00	8,50						20230228	CH		
bq	Banque BNP	0	20230228	40100000	FOURNISSEURS	FDIVERS	DIVERS	CB 110223	20230228	NATURALIA	9,80	0,00	BB	20230228				20230228	CH		
bq	Banque BNP	0	20230228	51210000	BANQUE BNP PARIBAS			CB 110223	20230228	NATURALIA	0,00	9,80						20230228	CH		
bq	Banque BNP	0	20230228	40100000	FOURNISSEURS	FAPAS	A 2 PAS	CB 100223	20230228	A 2 PAS	9,90	0,00	D	20230630				20230228	CH		
bq	Banque BNP	0	20230228	51210000	BANQUE BNP PARIBAS			CB 100223	20230228	A 2 PAS	0,00	9,90						20230228	CH		
bq	Banque BNP	0	20230228	62510000	VOYAGES ET DEPLACEMENTS			CB 080223	20230228	G7	10,00	0,00						20230228	CH		
bq	Banque BNP	0	20230228	51210000	BANQUE BNP PARIBAS			CB 080223	20230228	G7	0,00	10,00						20230228	CH		
bq	Banque BNP	0	20230228	62510000	VOYAGES ET DEPLACEMENTS			CB 150223	20230228	HYPE TAXI	10,00	0,00						20230228	CH		
bq	Banque BNP	0	20230228	51210000	BANQUE BNP PARIBAS			CB 150223	20230228	HYPE TAXI	0,00	10,00						20230228	CH		
bq	Banque BNP	0	20230228	40100000	FOURNISSEURS	FVERGER	VERGER ST PAUL	CB 090223	20230228	SC-ACS FRUITS	10,07	0,00	D	20230228				20230228	CH		
bq	Banque BNP	0	20230228	51210000	BANQUE BNP PARIBAS			CB 090223	20230228	SC-ACS FRUITS	0,00	10,07						20230228	CH		
bq	Banque BNP	0	20230228	62510000	VOYAGES ET DEPLACEMENTS			CB 290123	20230228	G7	14,80	0,00						20230228	CH		
bq	Banque BNP	0	20230228	51210000	BANQUE BNP PARIBAS			CB 290123	20230228	G7	0,00	14,80						20230228	CH		
bq	Banque BNP	0	20230228	40100000	FOURNISSEURS	FAPAS	A 2 PAS	CB 030223	20230228	A 2 PAS	14,80	0,00	D	20230630				20230228	CH		
bq	Banque BNP	0	20230228	51210000	BANQUE BNP PARIBAS			CB 030223	20230228	A 2 PAS	0,00	14,80						20230228	CH		
bq	Banque BNP	0	20230228	40100000	FOURNISSEURS	FAPAS	A 2 PAS	CB 170223	20230228	G7	14,80	0,00	D	20230630				20230228	CH		
bq	Banque BNP	0	20230228	51210000	BANQUE BNP PARIBAS			CB 170223	20230228	G7	0,00	14,80						20230228	CH		
bq	Banque BNP	0	20230228	62510000	VOYAGES ET DEPLACEMENTS			CB 060223	20230228	G7	15,00	0,00						20230228	CH		
bq	Banque BNP	0	20230228	51210000	BANQUE BNP PARIBAS			CB 060223	20230228	G7	0,00	15,00						20230228	CH		
bq	Banque BNP	0	20230228	62510000	VOYAGES ET DEPLACEMENTS			CB 050223	20230228	TAXI	15,00	0,00						20230228	CH		
bq	Banque BNP	0	20230228	51210000	BANQUE BNP PARIBAS			CB 050223	20230228	TAXI	0,00	15,00						20230228	CH		
bq	Banque BNP	0	20230228	62510000	VOYAGES ET DEPLACEMENTS			CB 130223	20230228	G7	15,00	0,00						20230228	CH		
bq	Banque BNP	0	20230228	51210000	BANQUE BNP PARIBAS			CB 130223	20230228	G7	0,00	15,00						20230228	CH		
bq	Banque BNP	0	20230228	62510000	VOYAGES ET DEPLACEMENTS			CB 190223	20230228	G7	16,00	0,00						20230228	CH		
bq	Banque BNP	0	20230228	51210000	BANQUE BNP PARIBAS			CB 190223	20230228	G7	0,00	16,00						20230228	CH		
bq	Banque BNP	0	20230228	40100000	FOURNISSEURS	FDIVERS	DIVERS	CB 060223	20230228	NATURALIA	17,19	0,00	B	20230228				20230228	CH		
bq	Banque BNP	0	20230228	51210000	BANQUE BNP PARIBAS			CB 060223	20230228	NATURALIA	0,00	17,19						20230228	CH		
bq	Banque BNP	0	20230228	40100000	FOURNISSEURS	FAPAS	A 2 PAS	CB 100223	20230228	A 2 PAS	17,73	0,00	D	20230630				20230228	CH		
bq	Banque BNP	0	20230228	51210000	BANQUE BNP PARIBAS			CB 100223	20230228	A 2 PAS	0,00	17,73						20230228	CH		
bq	Banque BNP	0	20230228	40100000	FOURNISSEURS	FDIVERS	DIVERS	CB 130223	20230228	NATURALIA	25,30	0,00	BB	20230228				20230228	CH		
bq	Banque BNP	0	20230228	51210000	BANQUE BNP PARIBAS			CB 130223	20230228	NATURALIA	0,00	25,30						20230228	CH		
bq	Banque BNP	0	20230228	16420000	PGE 46000			PRLV	20230228	E CH PRET 	33,60	0,00						20230228	CH		
bq	Banque BNP	0	20230228	51210000	BANQUE BNP PARIBAS			PRLV	20230228	E CH PRET 	0,00	33,60						20230228	CH		
bq	Banque BNP	0	20230228	62510000	VOYAGES ET DEPLACEMENTS			CB 300123	20230228	RATP	38,20	0,00						20230228	CH		
bq	Banque BNP	0	20230228	51210000	BANQUE BNP PARIBAS			CB 300123	20230228	RATP	0,00	38,20						20230228	CH		
bq	Banque BNP	0	20230228	62510000	VOYAGES ET DEPLACEMENTS			CB 100223	20230228	RATP	38,20	0,00						20230228	CH		
bq	Banque BNP	0	20230228	51210000	BANQUE BNP PARIBAS			CB 100223	20230228	RATP	0,00	38,20						20230228	CH		
bq	Banque BNP	0	20230228	40100000	FOURNISSEURS	FFRANPRI	FRANPRIX	CB 160223	20230228	FP ST ANTOINE	44,00	0,00	A	20230228				20230228	CH		
bq	Banque BNP	0	20230228	51210000	BANQUE BNP PARIBAS			CB 160223	20230228	FP ST ANTOINE	0,00	44,00						20230228	CH		
bq	Banque BNP	0	20230228	40100000	FOURNISSEURS	FDIVERS	DIVERS	CB 030223	20230228	PHIE FERRANTE	60,36	0,00	A	20230228				20230228	CH		
bq	Banque BNP	0	20230228	51210000	BANQUE BNP PARIBAS			CB 030223	20230228	PHIE FERRANTE	0,00	60,36						20230228	CH		
bq	Banque BNP	0	20230228	40100000	FOURNISSEURS	FNESPRE	NESPRESSO	CB 040223	20230228	NESPRESSO	82,00	0,00	A	20230228				20230228	CH		
bq	Banque BNP	0	20230228	51210000	BANQUE BNP PARIBAS			CB 040223	20230228	NESPRESSO	0,00	82,00						20230228	CH		
od	Opérations diverses	0	20230228	64100000	REMUNERATIONS DU PERSONNEL			02/2023	20230228	OD SALAIRE 	1595,57	0,00						20230228	CH		
od	Opérations diverses	0	20230228	64140000	PERS INDEMNITES ET AVANTAGES DIVERS			02/2023	20230228	OD SALAIRE 	64,16	0,00						20230228	CH		
od	Opérations diverses	0	20230228	43100000	SECURITE SOCIALE			02/2023	20230228	OD SALAIRE 	0,00	286,47						20230228	CH		
od	Opérations diverses	0	20230228	43750000	RETRAITE NON CADRE			02/2023	20230228	OD SALAIRE 	0,00	66,55						20230228	CH		
od	Opérations diverses	0	20230228	43720000	GROUPE MORNAY			02/2023	20230228	OD SALAIRE 	0,00	12,61						20230228	CH		
od	Opérations diverses	0	20230228	43720000	GROUPE MORNAY			02/2023	20230228	OD SALAIRE 	0,00	32,84						20230228	CH		
od	Opérations diverses	0	20230228	79100000	TRANSF.CHARGES D'EXPLOITATION			02/2023	20230228	OD SALAIRE 	0,00	64,16						20230228	CH		
od	Opérations diverses	0	20230228	42103700	NDIAYE BADO			02/2023	20230228	NDIAYE BADO	46,74	0,00	C	20230417				20230228	CH		
od	Opérations diverses	0	20230228	42103700	NDIAYE BADO			02/2023	20230228	NDIAYE BADO TROP PERCU	0,00	23,37	B	20230228				20230228	CH		
od	Opérations diverses	0	20230228	42100300	PITZUS LEONARDO			02/2023	20230228	PITZUS LEONARDO	0,00	1120,47	C	20230310				20230228	CH		
od	Opérations diverses	0	20230228	27430000	PRETS AU PERSONNEL			02/2023	20230228	PITZUS LEONARDO	0,00	100,00						20230228	CH		
od	Opérations diverses	0	20230228	43720000	GROUPE MORNAY			02/2023	20230228	OD SALAIRE CS PP MUT	0,00	61,00						20230228	CH		
od	Opérations diverses	0	20230228	64520000	PERS COTISATIONS AUX MUTUELLES			02/2023	20230228	OD SALAIRE CS PP MUT	61,00	0,00						20230228	CH		
od	Opérations diverses	0	20230228	43720000	GROUPE MORNAY			02/2023	20230228	OD SALAIRE CS PP PREV	0,00	12,61						20230228	CH		
od	Opérations diverses	0	20230228	64520000	PERS COTISATIONS AUX MUTUELLES			02/2023	20230228	OD SALAIRE CS PP PREV	12,61	0,00						20230228	CH		
od	Opérations diverses	0	20230228	43100000	SECURITE SOCIALE			02/2023	20230228	OD SALAIRE CS PP 	0,00	252,13						20230228	CH		
od	Opérations diverses	0	20230228	64510000	PERS COTISATIONS A L'URSSAF			02/2023	20230228	OD SALAIRE CS PP 	252,13	0,00						20230228	CH		
od	Opérations diverses	0	20230216	75800000	PRODUITS DIV.GESTION COURANTE			02/2025	20230216	Ecart de règlement SECURITE SOCIALE	0,00	0,65						20230216	CH		
od	Opérations diverses	0	20230216	43100000	SECURITE SOCIALE			02/2025	20230216	Ecart de règlement SECURITE SOCIALE	0,65	0,00	B	20230216				20230216	CH		
od	Opérations diverses	0	20230228	44571190	TVA COLLECTEE 20%			02/2023	20230228	TVA 02/2023	1445,00	0,00						20230228	CH		
od	Opérations diverses	0	20230228	44571010	TVA COLLECTEE 10%			02/2023	20230228	TVA 02/2023	1674,00	0,00						20230228	CH		
od	Opérations diverses	0	20230228	44566000	ETAT TVA SUR AUTRES BIENS ET SERVICES			02/2023	20230228	TVA 02/2023	0,00	1036,00						20230228	CH		
od	Opérations diverses	0	20230228	44551000	ETAT TVA A DECAISSER			02/2023	20230228	TVA 02/2023	0,00	2083,00	C	20230323				20230228	CH		
ac	Achats	0	20230327	45500000	C/C TORRE GIUSEPPE			03/01	20230327	NATURALIA	0,00	39,90						20230327	CH		
ac	Achats	0	20230327	60100000	ACHATS MATIERES PREMIERES			03/01	20230327	NATURALIA	37,82	0,00						20230327	CH		
ac	Achats	0	20230327	44566000	ETAT TVA SUR AUTRES BIENS ET SERVICES			03/01	20230327	NATURALIA	2,08	0,00						20230327	CH		
ac	Achats	0	20230314	40100000	FOURNISSEURS	FANNE	ANNE-FRANCE ROUX	03/02	20230314	ANNE-FRANCE ROUX 2023.0114	0,00	3120,00	A	20230316				20230314	CH		
ac	Achats	0	20230314	62260000	HONORAIRES			03/02	20230314	ANNE-FRANCE ROUX	2100,00	0,00						20230314	CH		
ac	Achats	0	20230314	63540000	IMPOTS DROITS D'ENREGISTREMENT ET TIMBRE			03/02	20230314	ANNE-FRANCE ROUX	500,00	0,00						20230314	CH		
ac	Achats	0	20230314	44566000	ETAT TVA SUR AUTRES BIENS ET SERVICES			03/02	20230314	ANNE-FRANCE ROUX	520,00	0,00						20230314	CH		
ac	Achats	0	20230322	45500000	C/C TORRE GIUSEPPE			03/03	20230322	CR BAT F2200312	0,00	5760,00						20230322	CH		
ac	Achats	0	20230322	21570000	AGENCEMENTS AMENAG MAT OUTILLAGE			03/03	20230322	CR BAT F2200312	2100,00	0,00						20230322	CH		
ac	Achats	0	20230322	21570000	AGENCEMENTS AMENAG MAT OUTILLAGE			03/15	20230322	CR BAT F2200312	1200,00	0,00						20230322	CH		
ac	Achats	0	20230322	61520000	ENTRETIEN SUR BIEN IMMOBILIER			03/15	20230322	CR BAT F2200312	1500,00	0,00						20230322	CH		
ac	Achats	0	20230322	44562000	ETAT TAV SUR IMMOBILISATIONS			03/03	20230322	CR BAT F2200312	660,00	0,00						20230322	CH		
ac	Achats	0	20230322	44566000	ETAT TVA SUR AUTRES BIENS ET SERVICES			03/15	20230322	CR BAT F2200312	300,00	0,00						20230322	CH		
ac	Achats	0	20230321	40100000	FOURNISSEURS	FNETTOYA	CLEAN WASH	03/04	20230321	CLEAN WASH F.102694	0,00	289,00	A	20230324				20230321	CH		
ac	Achats	0	20230321	61520000	ENTRETIEN SUR BIEN IMMOBILIER			03/04	20230321	CLEAN WASH F.102694	262,73	0,00						20230321	CH		
ac	Achats	0	20230321	44566000	ETAT TVA SUR AUTRES BIENS ET SERVICES			03/04	20230321	CLEAN WASH F.102694	26,27	0,00						20230321	CH		
ac	Achats	0	20230309	40100000	FOURNISSEURS	FMETRO	METRO	03/05	20230309	METRO F2660	0,00	1034,74	A	20230315				20230309	CH		
ac	Achats	0	20230309	60100000	ACHATS MATIERES PREMIERES			03/05	20230309	METRO F2660	1034,74	0,00						20230309	CH		
ac	Achats	0	20230331	40100000	FOURNISSEURS	FITFOOD	ITALIAN FOOD	03/06	20230331	ITALIAN FOOD F.1053	0,00	482,50	A	20230516				20230331	CH		
ac	Achats	0	20230331	60100000	ACHATS MATIERES PREMIERES			03/06	20230331	ITALIAN FOOD F.1053	457,35	0,00						20230331	CH		
ac	Achats	0	20230331	44566000	ETAT TVA SUR AUTRES BIENS ET SERVICES			03/06	20230331	ITALIAN FOOD F.1053	25,15	0,00						20230331	CH		
ac	Achats	0	20230324	40100000	FOURNISSEURS	FITFOOD	ITALIAN FOOD	03/07	20230324	ITALIAN FOOD F.974	0,00	139,80	A	20230516				20230324	CH		
ac	Achats	0	20230324	60100000	ACHATS MATIERES PREMIERES			03/07	20230324	ITALIAN FOOD F.974	132,51	0,00						20230324	CH		
ac	Achats	0	20230324	44566000	ETAT TVA SUR AUTRES BIENS ET SERVICES			03/07	20230324	ITALIAN FOOD F.974	7,29	0,00						20230324	CH		
ac	Achats	0	20230328	40100000	FOURNISSEURS	FITFOOD	ITALIAN FOOD	03/08	20230328	ITALIAN FOOD F.1017	0,00	333,34	A	20230516				20230328	CH		
ac	Achats	0	20230328	60100000	ACHATS MATIERES PREMIERES			03/08	20230328	ITALIAN FOOD F.1017	315,96	0,00						20230328	CH		
ac	Achats	0	20230328	44566000	ETAT TVA SUR AUTRES BIENS ET SERVICES			03/08	20230328	ITALIAN FOOD F.1017	17,38	0,00						20230328	CH		
ac	Achats	0	20230321	40100000	FOURNISSEURS	FITFOOD	ITALIAN FOOD	03/09	20230321	ITALIAN FOOD F.931	0,00	561,61	A	20230516				20230321	CH		
ac	Achats	0	20230321	60100000	ACHATS MATIERES PREMIERES			03/09	20230321	ITALIAN FOOD F.931	532,33	0,00						20230321	CH		
ac	Achats	0	20230321	44566000	ETAT TVA SUR AUTRES BIENS ET SERVICES			03/09	20230321	ITALIAN FOOD F.931	29,28	0,00						20230321	CH		
ac	Achats	0	20230331	40100000	FOURNISSEURS	FELIS	ELIS	03/10	20230331	ELIS F951601	0,00	370,72	A	20230630				20230331	CH		
ac	Achats	0	20230331	60100000	ACHATS MATIERES PREMIERES			03/10	20230331	ELIS F951601	315,72	0,00						20230331	CH		
ac	Achats	0	20230331	44566000	ETAT TVA SUR AUTRES BIENS ET SERVICES			03/10	20230331	ELIS F951601	55,00	0,00						20230331	CH		
ac	Achats	0	20230322	40100000	FOURNISSEURS	FFIELOUX	FIELOUX	03/11	20230322	FIELOUX 2023-37	0,00	7254,00	A	20230324				20230322	CH		
ac	Achats	0	20230322	62260000	HONORAIRES			03/11	20230322	FIELOUX 2023-37	6000,00	0,00						20230322	CH		
ac	Achats	0	20230322	62270000	FRAIS ACTES & CONTENTIEUX			03/11	20230322	FIELOUX 2023-37	54,00	0,00						20230322	CH		
ac	Achats	0	20230322	44566000	ETAT TVA SUR AUTRES BIENS ET SERVICES			03/11	20230322	FIELOUX 2023-37	1200,00	0,00						20230322	CH		
ac	Achats	0	20230315	40100000	FOURNISSEURS	FABCJUST	ABC JUSTICE	03/12	20230315	ABC JUSTICE F23A006483	0,00	465,20						20230315	CH		
ac	Achats	0	20230315	62270000	FRAIS ACTES & CONTENTIEUX			03/12	20230315	ABC JUSTICE F23A006483	387,67	0,00						20230315	CH		
ac	Achats	0	20230315	44566000	ETAT TVA SUR AUTRES BIENS ET SERVICES			03/12	20230315	ABC JUSTICE F23A006483	77,53	0,00						20230315	CH		
ac	Achats	0	20230315	40100000	FOURNISSEURS	FABCJUST	ABC JUSTICE	03/13	20230315	ABC JUSTICENOTE DE FRAIS 6979	0,00	993,20						20230315	CH		
ac	Achats	0	20230315	62270000	FRAIS ACTES & CONTENTIEUX			03/13	20230315	ABC JUSTICENOTE DE FRAIS 6979	827,67	0,00						20230315	CH		
ac	Achats	0	20230315	44566000	ETAT TVA SUR AUTRES BIENS ET SERVICES			03/13	20230315	ABC JUSTICENOTE DE FRAIS 6979	165,53	0,00						20230315	CH		
ac	Achats	0	20230320	40100000	FOURNISSEURS	FANNE	ANNE-FRANCE ROUX	03/14	20230320	ANNE-FRANCE ROUX 2023.0118	0,00	858,40	B	20230324				20230320	CH		
ac	Achats	0	20230320	62270000	FRAIS ACTES & CONTENTIEUX			03/14	20230320	ANNE-FRANCE ROUX 2023.0118	715,34	0,00						20230320	CH		
ac	Achats	0	20230320	44566000	ETAT TVA SUR AUTRES BIENS ET SERVICES			03/14	20230320	ANNE-FRANCE ROUX 2023.0118	143,06	0,00						20230320	CH		
ac	Achats	0	20230322	40100000	FOURNISSEURS	FDIVERS	DIVERS	03/15	20230322	LEDEUDE F.0923	0,00	384,00	C	20230324				20230322	CH		
ac	Achats	0	20230322	61560000	MAINTENANCE			03/15	20230322	LEDEUDE F.0923	320,00	0,00						20230322	CH		
ac	Achats	0	20230322	44566000	ETAT TVA SUR AUTRES BIENS ET SERVICES			03/15	20230322	LEDEUDE F.0923	64,00	0,00						20230322	CH		
ac	Achats	0	20230322	40100000	FOURNISSEURS	FVERRERI	VERRERIE DES HALLES	03/16	20230322	VERRERIE DES HALLES 23030537	0,00	728,41						20230322	CH		
ac	Achats	0	20230322	60630000	ACHATS FOURN.ENTRET.PETIT EQUIPEMENT			03/16	20230322	VERRERIE DES HALLES 23030537	607,01	0,00						20230322	CH		
ac	Achats	0	20230322	44566000	ETAT TVA SUR AUTRES BIENS ET SERVICES			03/16	20230322	VERRERIE DES HALLES 23030537	121,40	0,00						20230322	CH		
ac	Achats	0	20230314	40100000	FOURNISSEURS	FBRICORA	BRICORAMA	03/17	20230314	BRICORAMA ESP	0,00	30,90	A	20230314				20230314	CH		
ac	Achats	0	20230314	60630000	ACHATS FOURN.ENTRET.PETIT EQUIPEMENT			03/17	20230314	BRICORAMA	25,75	0,00						20230314	CH		
ac	Achats	0	20230314	44566000	ETAT TVA SUR AUTRES BIENS ET SERVICES			03/17	20230314	BRICORAMA	5,15	0,00						20230314	CH		
ac	Achats	0	20230311	40100000	FOURNISSEURS	FDIVERS	DIVERS	03/18	20230311	SUPERMARCHE ESP	0,00	37,81	F	20230311				20230311	CH		
ac	Achats	0	20230311	60630000	ACHATS FOURN.ENTRET.PETIT EQUIPEMENT			03/18	20230311	SUPERMARCHE	31,51	0,00						20230311	CH		
ac	Achats	0	20230311	44566000	ETAT TVA SUR AUTRES BIENS ET SERVICES			03/18	20230311	SUPERMARCHE	6,30	0,00						20230311	CH		
ac	Achats	0	20230308	45500000	C/C TORRE GIUSEPPE			03/19	20230308	SUPERMARCHE	0,00	5,47						20230308	CH		
ac	Achats	0	20230308	60630000	ACHATS FOURN.ENTRET.PETIT EQUIPEMENT			03/19	20230308	SUPERMARCHE	4,56	0,00						20230308	CH		
ac	Achats	0	20230308	44566000	ETAT TVA SUR AUTRES BIENS ET SERVICES			03/19	20230308	SUPERMARCHE	0,91	0,00						20230308	CH		
ac	Achats	0	20230313	40100000	FOURNISSEURS	FCASTORA	CASTORAMA	03/20	20230313	CASTORAMA ESP	0,00	62,90	B	20230313				20230313	CH		
ac	Achats	0	20230313	60630000	ACHATS FOURN.ENTRET.PETIT EQUIPEMENT			03/20	20230313	CASTORAMA	52,42	0,00						20230313	CH		
ac	Achats	0	20230313	44566000	ETAT TVA SUR AUTRES BIENS ET SERVICES			03/20	20230313	CASTORAMA	10,48	0,00						20230313	CH		
ac	Achats	0	20230317	40100000	FOURNISSEURS	FLEROY	LEROY MERLIN	03/21	20230317	LEROY MERLIN ESP	0,00	54,70	A	20230317				20230317	CH		
ac	Achats	0	20230317	60630000	ACHATS FOURN.ENTRET.PETIT EQUIPEMENT			03/21	20230317	LEROY MERLIN	50,00	0,00						20230317	CH		
ac	Achats	0	20230317	44566000	ETAT TVA SUR AUTRES BIENS ET SERVICES			03/21	20230317	LEROY MERLIN	4,70	0,00						20230317	CH		
ac	Achats	0	20230314	45500000	C/C TORRE GIUSEPPE			03/22	20230314	SUPERMARCHE 	0,00	11,73						20230314	CH		
ac	Achats	0	20230314	60630000	ACHATS FOURN.ENTRET.PETIT EQUIPEMENT			03/22	20230314	SUPERMARCHE	9,78	0,00						20230314	CH		
ac	Achats	0	20230314	44566000	ETAT TVA SUR AUTRES BIENS ET SERVICES			03/22	20230314	SUPERMARCHE	1,95	0,00						20230314	CH		
ac	Achats	0	20230314	45500000	C/C TORRE GIUSEPPE			03/23	20230314	PICK CLOPS 	0,00	38,00						20230314	CH		
ac	Achats	0	20230314	60630000	ACHATS FOURN.ENTRET.PETIT EQUIPEMENT			03/23	20230314	PICK CLOPS 	34,55	0,00						20230314	CH		
ac	Achats	0	20230314	44566000	ETAT TVA SUR AUTRES BIENS ET SERVICES			03/23	20230314	PICK CLOPS 	3,45	0,00						20230314	CH		
ac	Achats	0	20230314	40100000	FOURNISSEURS	FLEROY	LEROY MERLIN	03/24	20230314	LEROY MERLIN	0,00	119,20	F	20230314				20230314	CH		
ac	Achats	0	20230314	60630000	ACHATS FOURN.ENTRET.PETIT EQUIPEMENT			03/24	20230314	LEROY MERLIN	119,20	0,00						20230314	CH		
ac	Achats	0	20230329	40100000	FOURNISSEURS	FDIVERS	DIVERS	03/25	20230329	TOC PARIS LES HALLES ESP	0,00	234,80	G	20230329				20230329	CH		
ac	Achats	0	20230329	60630000	ACHATS FOURN.ENTRET.PETIT EQUIPEMENT			03/25	20230329	TOC PARIS LES HALLES	195,67	0,00						20230329	CH		
ac	Achats	0	20230329	44566000	ETAT TVA SUR AUTRES BIENS ET SERVICES			03/25	20230329	TOC PARIS LES HALLES	39,13	0,00						20230329	CH		
ac	Achats	0	20230329	40100000	FOURNISSEURS	FDIVERS	DIVERS	03/26	20230329	A SIMON ESP	0,00	20,00	H	20230329				20230329	CH		
ac	Achats	0	20230329	60630000	ACHATS FOURN.ENTRET.PETIT EQUIPEMENT			03/26	20230329	A SIMON	16,67	0,00						20230329	CH		
ac	Achats	0	20230329	44566000	ETAT TVA SUR AUTRES BIENS ET SERVICES			03/26	20230329	A SIMON	3,33	0,00						20230329	CH		
ac	Achats	0	20230329	40100000	FOURNISSEURS	FDIVERS	DIVERS	03/27	20230329	MORA ESP	0,00	25,86	I	20230329				20230329	CH		
ac	Achats	0	20230329	60630000	ACHATS FOURN.ENTRET.PETIT EQUIPEMENT			03/27	20230329	MORA	21,55	0,00						20230329	CH		
ac	Achats	0	20230329	44566000	ETAT TVA SUR AUTRES BIENS ET SERVICES			03/27	20230329	MORA	4,31	0,00						20230329	CH		
ac	Achats	0	20230329	40100000	FOURNISSEURS	FDIVERS	DIVERS	03/28	20230329	CARREFOR CITY ESP	0,00	41,77	J	20230329				20230329	CH		
ac	Achats	0	20230329	60630000	ACHATS FOURN.ENTRET.PETIT EQUIPEMENT			03/28	20230329	CARREFOR CITY	37,95	0,00						20230329	CH		
ac	Achats	0	20230329	44566000	ETAT TVA SUR AUTRES BIENS ET SERVICES			03/28	20230329	CARREFOR CITY	3,82	0,00						20230329	CH		
ac	Achats	0	20230329	40100000	FOURNISSEURS	FDIVERS	DIVERS	03/29	20230329	SUPERMARCHE ESP	0,00	3,78	BJ	20230329				20230329	CH		
ac	Achats	0	20230329	60630000	ACHATS FOURN.ENTRET.PETIT EQUIPEMENT			03/29	20230329	SUPERMARCHE	3,58	0,00						20230329	CH		
ac	Achats	0	20230329	44566000	ETAT TVA SUR AUTRES BIENS ET SERVICES			03/29	20230329	SUPERMARCHE	0,20	0,00						20230329	CH		
ac	Achats	0	20230316	40100000	FOURNISSEURS	FLEROY	LEROY MERLIN	03/30	20230316	LEROY MERLIN ESP	0,00	46,40	B	20230316				20230316	CH		
ac	Achats	0	20230316	60630000	ACHATS FOURN.ENTRET.PETIT EQUIPEMENT			03/30	20230316	LEROY MERLIN	38,67	0,00						20230316	CH		
ac	Achats	0	20230316	44566000	ETAT TVA SUR AUTRES BIENS ET SERVICES			03/30	20230316	LEROY MERLIN	7,73	0,00						20230316	CH		
ac	Achats	0	20230315	45500000	C/C TORRE GIUSEPPE			03/31	20230315	LEROY MERLIN	0,00	89,90						20230315	CH		
ac	Achats	0	20230315	60630000	ACHATS FOURN.ENTRET.PETIT EQUIPEMENT			03/31	20230315	LEROY MERLIN	74,92	0,00						20230315	CH		
ac	Achats	0	20230315	44566000	ETAT TVA SUR AUTRES BIENS ET SERVICES			03/31	20230315	LEROY MERLIN	14,98	0,00						20230315	CH		
ac	Achats	0	20230316	40100000	FOURNISSEURS	FLEROY	LEROY MERLIN	03/32	20230316	LEROY MERLIN ESP	0,00	85,10	C	20230316				20230316	CH		
ac	Achats	0	20230316	60630000	ACHATS FOURN.ENTRET.PETIT EQUIPEMENT			03/32	20230316	LEROY MERLIN	70,92	0,00						20230316	CH		
ac	Achats	0	20230316	44566000	ETAT TVA SUR AUTRES BIENS ET SERVICES			03/32	20230316	LEROY MERLIN	14,18	0,00						20230316	CH		
ac	Achats	0	20230322	45500000	C/C TORRE GIUSEPPE			03/33	20230322	LEROY MERLIN	0,00	38,80						20230322	CH		
ac	Achats	0	20230322	60630000	ACHATS FOURN.ENTRET.PETIT EQUIPEMENT			03/33	20230322	LEROY MERLIN	32,33	0,00						20230322	CH		
ac	Achats	0	20230322	44566000	ETAT TVA SUR AUTRES BIENS ET SERVICES			03/33	20230322	LEROY MERLIN	6,47	0,00						20230322	CH		
ac	Achats	0	20230323	40100000	FOURNISSEURS	FDIVERS	DIVERS	03/34	20230323	DELITALY ESP	0,00	31,68	N	20230323				20230323	CH		
ac	Achats	0	20230323	60630000	ACHATS FOURN.ENTRET.PETIT EQUIPEMENT			03/34	20230323	DELITALY ESP	30,03	0,00						20230323	CH		
ac	Achats	0	20230323	44566000	ETAT TVA SUR AUTRES BIENS ET SERVICES			03/34	20230323	DELITALY ESP	1,65	0,00						20230323	CH		
ac	Achats	0	20230325	45500000	C/C TORRE GIUSEPPE			03/35	20230325	UNIQLO.COM	0,00	39,90						20230325	CH		
ac	Achats	0	20230325	60630000	ACHATS FOURN.ENTRET.PETIT EQUIPEMENT			03/35	20230325	UNIQLO.COM	33,25	0,00						20230325	CH		
ac	Achats	0	20230325	44566000	ETAT TVA SUR AUTRES BIENS ET SERVICES			03/35	20230325	UNIQLO.COM	6,65	0,00						20230325	CH		
ac	Achats	0	20230322	40100000	FOURNISSEURS	FDIVERS	DIVERS	03/36	20230322	A.SIMON ESP	0,00	13,30	K	20230322				20230322	CH		
ac	Achats	0	20230322	60630000	ACHATS FOURN.ENTRET.PETIT EQUIPEMENT			03/36	20230322	A.SIMON	11,08	0,00						20230322	CH		
ac	Achats	0	20230322	44566000	ETAT TVA SUR AUTRES BIENS ET SERVICES			03/36	20230322	A.SIMON	2,22	0,00						20230322	CH		
ac	Achats	0	20230323	40100000	FOURNISSEURS	FLEROY	LEROY MERLIN	03/37	20230323	LEROY MERLIN ESP	0,00	161,79	D	20230323				20230323	CH		
ac	Achats	0	20230323	60630000	ACHATS FOURN.ENTRET.PETIT EQUIPEMENT			03/37	20230323	LEROY MERLIN ESP	134,82	0,00						20230323	CH		
ac	Achats	0	20230323	44566000	ETAT TVA SUR AUTRES BIENS ET SERVICES			03/37	20230323	LEROY MERLIN ESP	26,97	0,00						20230323	CH		
ac	Achats	0	20230322	40100000	FOURNISSEURS	FDIVERS	DIVERS	03/38	20230322	R AND B COM ESP	0,00	15,00	L	20230322				20230322	CH		
ac	Achats	0	20230322	60630000	ACHATS FOURN.ENTRET.PETIT EQUIPEMENT			03/38	20230322	R AND B COM	12,50	0,00						20230322	CH		
ac	Achats	0	20230322	44566000	ETAT TVA SUR AUTRES BIENS ET SERVICES			03/38	20230322	R AND B COM	2,50	0,00						20230322	CH		
ac	Achats	0	20230324	45500000	C/C TORRE GIUSEPPE			03/39	20230324	DAILY FOOD	0,00	9,00						20230324	CH		
ac	Achats	0	20230324	60630000	ACHATS FOURN.ENTRET.PETIT EQUIPEMENT			03/39	20230324	DAILY FOOD	8,18	0,00						20230324	CH		
ac	Achats	0	20230324	44566000	ETAT TVA SUR AUTRES BIENS ET SERVICES			03/39	20230324	DAILY FOOD	0,82	0,00						20230324	CH		
ac	Achats	0	20230322	40100000	FOURNISSEURS	FDIVERS	DIVERS	03/40	20230322	LA GLACIERE DE PARIS 38	0,00	40,00	M	20230322				20230322	CH		
ac	Achats	0	20230322	60630000	ACHATS FOURN.ENTRET.PETIT EQUIPEMENT			03/40	20230322	LA GLACIERE DE PARIS 38	40,00	0,00						20230322	CH		
ac	Achats	0	20230322	40100000	FOURNISSEURS	FDIVERS	DIVERS	03/41	20230322	A.SIMON ESP	0,00	94,20	P	20230322				20230322	CH		
ac	Achats	0	20230322	60630000	ACHATS FOURN.ENTRET.PETIT EQUIPEMENT			03/41	20230322	A.SIMON	78,50	0,00						20230322	CH		
ac	Achats	0	20230322	44566000	ETAT TVA SUR AUTRES BIENS ET SERVICES			03/41	20230322	A.SIMON	15,70	0,00						20230322	CH		
ac	Achats	0	20230325	40100000	FOURNISSEURS	FDIVERS	DIVERS	03/42	20230325	CITY ESP	0,00	3,31	Q	20230325				20230325	CH		
ac	Achats	0	20230325	60630000	ACHATS FOURN.ENTRET.PETIT EQUIPEMENT			03/42	20230325	CITY	2,76	0,00						20230325	CH		
ac	Achats	0	20230325	44566000	ETAT TVA SUR AUTRES BIENS ET SERVICES			03/42	20230325	CITY	0,55	0,00						20230325	CH		
ac	Achats	0	20230322	40100000	FOURNISSEURS	FDIVERS	DIVERS	03/43	20230322	SUPERMARCHE ESP	0,00	4,99	O	20230322				20230322	CH		
ac	Achats	0	20230322	60630000	ACHATS FOURN.ENTRET.PETIT EQUIPEMENT			03/43	20230322	SUPERMARCHE	4,16	0,00						20230322	CH		
ac	Achats	0	20230322	44566000	ETAT TVA SUR AUTRES BIENS ET SERVICES			03/43	20230322	SUPERMARCHE	0,83	0,00						20230322	CH		
ac	Achats	0	20230322	40100000	FOURNISSEURS	FDIVERS	DIVERS	03/44	20230322	A.SIMON ESP	0,00	52,55	S	20230322				20230322	CH		
ac	Achats	0	20230322	60630000	ACHATS FOURN.ENTRET.PETIT EQUIPEMENT			03/44	20230322	A.SIMON	43,79	0,00						20230322	CH		
ac	Achats	0	20230322	44566000	ETAT TVA SUR AUTRES BIENS ET SERVICES			03/44	20230322	A.SIMON	8,76	0,00						20230322	CH		
ac	Achats	0	20230322	40100000	FOURNISSEURS	FDIVERS	DIVERS	03/45	20230322	DELITALY ESP	0,00	78,80	T	20230322				20230322	CH		
ac	Achats	0	20230322	60100000	ACHATS MATIERES PREMIERES			03/45	20230322	DELITALY	74,69	0,00						20230322	CH		
ac	Achats	0	20230322	44566000	ETAT TVA SUR AUTRES BIENS ET SERVICES			03/45	20230322	DELITALY	4,11	0,00						20230322	CH		
ac	Achats	0	20230322	40100000	FOURNISSEURS	FDIVERS	DIVERS	03/46	20230322	CITY ESP	0,00	9,42	U	20230322				20230322	CH		
ac	Achats	0	20230322	60700000	ACHATS DE MARCHANDISES			03/46	20230322	CITY	7,84	0,00						20230322	CH		
ac	Achats	0	20230322	44566000	ETAT TVA SUR AUTRES BIENS ET SERVICES			03/46	20230322	CITY	1,58	0,00						20230322	CH		
ac	Achats	0	20230324	45500000	C/C TORRE GIUSEPPE			03/47	20230324	TAXI	0,00	12,30						20230324	CH		
ac	Achats	0	20230324	62510000	VOYAGES ET DEPLACEMENTS			03/47	20230324	TAXI	12,30	0,00						20230324	CH		
ac	Achats	0	20230322	40100000	FOURNISSEURS	FDIVERS	DIVERS	03/48	20230322	AU NOM DE LA ROSE ESP	0,00	17,00	BG	20230322				20230322	CH		
ac	Achats	0	20230322	60630000	ACHATS FOURN.ENTRET.PETIT EQUIPEMENT			03/48	20230322	AU NOM DE LA ROSE	14,17	0,00						20230322	CH		
ac	Achats	0	20230322	44566000	ETAT TVA SUR AUTRES BIENS ET SERVICES			03/48	20230322	AU NOM DE LA ROSE	2,83	0,00						20230322	CH		
ac	Achats	0	20230322	40100000	FOURNISSEURS	FDIVERS	DIVERS	03/49	20230322	CITY ESP	0,00	44,48	R	20230322				20230322	CH		
ac	Achats	0	20230322	60630000	ACHATS FOURN.ENTRET.PETIT EQUIPEMENT			03/49	20230322	CITY	37,61	0,00						20230322	CH		
ac	Achats	0	20230322	44566000	ETAT TVA SUR AUTRES BIENS ET SERVICES			03/49	20230322	CITY	6,87	0,00						20230322	CH		
ac	Achats	0	20230322	40100000	FOURNISSEURS	FDIVERS	DIVERS	03/50	20230322	CUL DE COCHON ESP	0,00	6,90	V	20230322				20230322	CH		
ac	Achats	0	20230322	60100000	ACHATS MATIERES PREMIERES			03/50	20230322	CUL DE COCHON ESP	6,27	0,00						20230322	CH		
ac	Achats	0	20230322	44566000	ETAT TVA SUR AUTRES BIENS ET SERVICES			03/50	20230322	CUL DE COCHON ESP	0,63	0,00						20230322	CH		
ac	Achats	0	20230325	40100000	FOURNISSEURS	FDIVERS	DIVERS	03/51	20230325	CITY ESP	0,00	11,35	BI	20230325				20230325	CH		
ac	Achats	0	20230325	60630000	ACHATS FOURN.ENTRET.PETIT EQUIPEMENT			03/51	20230325	CITY	9,46	0,00						20230325	CH		
ac	Achats	0	20230325	44566000	ETAT TVA SUR AUTRES BIENS ET SERVICES			03/51	20230325	CITY	1,89	0,00						20230325	CH		
ac	Achats	0	20230322	40100000	FOURNISSEURS	FDIVERS	DIVERS	03/52	20230322	HALLES 3000 ESP	0,00	10,45	W	20230322				20230322	CH		
ac	Achats	0	20230322	60630000	ACHATS FOURN.ENTRET.PETIT EQUIPEMENT			03/52	20230322	HALLES 3000 ESP	9,91	0,00						20230322	CH		
ac	Achats	0	20230322	44566000	ETAT TVA SUR AUTRES BIENS ET SERVICES			03/52	20230322	HALLES 3000 ESP	0,54	0,00						20230322	CH		
ac	Achats	0	20230321	45500000	C/C TORRE GIUSEPPE			03/53	20230321	LEROY MERLIN	0,00	79,60						20230321	CH		
ac	Achats	0	20230321	60630000	ACHATS FOURN.ENTRET.PETIT EQUIPEMENT			03/53	20230321	LEROY MERLIN	66,33	0,00						20230321	CH		
ac	Achats	0	20230321	44566000	ETAT TVA SUR AUTRES BIENS ET SERVICES			03/53	20230321	LEROY MERLIN	13,27	0,00						20230321	CH		
ac	Achats	0	20230321	45500000	C/C TORRE GIUSEPPE			03/54	20230321	DUTHILLEUL ET MINART	0,00	28,00						20230321	CH		
ac	Achats	0	20230321	60630000	ACHATS FOURN.ENTRET.PETIT EQUIPEMENT			03/54	20230321	DUTHILLEUL ET MINART	23,33	0,00						20230321	CH		
ac	Achats	0	20230321	44566000	ETAT TVA SUR AUTRES BIENS ET SERVICES			03/54	20230321	DUTHILLEUL ET MINART	4,67	0,00						20230321	CH		
ac	Achats	0	20230321	45500000	C/C TORRE GIUSEPPE			03/55	20230321	UNIQLO.COM	0,00	159,80						20230321	CH		
ac	Achats	0	20230321	60630000	ACHATS FOURN.ENTRET.PETIT EQUIPEMENT			03/55	20230321	UNIQLO.COM	133,17	0,00						20230321	CH		
ac	Achats	0	20230321	44566000	ETAT TVA SUR AUTRES BIENS ET SERVICES			03/55	20230321	UNIQLO.COM	26,63	0,00						20230321	CH		
ac	Achats	0	20230321	45500000	C/C TORRE GIUSEPPE			03/56	20230321	MISTER GARDEN	0,00	28,30						20230321	CH		
ac	Achats	0	20230321	60630000	ACHATS FOURN.ENTRET.PETIT EQUIPEMENT			03/56	20230321	MISTER GARDEN	25,95	0,00						20230321	CH		
ac	Achats	0	20230321	44566000	ETAT TVA SUR AUTRES BIENS ET SERVICES			03/56	20230321	MISTER GARDEN	2,35	0,00						20230321	CH		
ac	Achats	0	20230312	40100000	FOURNISSEURS	FLEROY	LEROY MERLIN	03/57	20230312	LEROY MERLIN ESP	0,00	142,50	E	20230312				20230312	CH		
ac	Achats	0	20230312	60630000	ACHATS FOURN.ENTRET.PETIT EQUIPEMENT			03/57	20230312	LEROY MERLIN	118,75	0,00						20230312	CH		
ac	Achats	0	20230312	44566000	ETAT TVA SUR AUTRES BIENS ET SERVICES			03/57	20230312	LEROY MERLIN	23,75	0,00						20230312	CH		
ac	Achats	0	20230330	40100000	FOURNISSEURS	FDIVERS	DIVERS	03/58	20230330	CITY ESP	0,00	12,84	X	20230330				20230330	CH		
ac	Achats	0	20230330	60100000	ACHATS MATIERES PREMIERES			03/58	20230330	CITY	12,17	0,00						20230330	CH		
ac	Achats	0	20230330	44566000	ETAT TVA SUR AUTRES BIENS ET SERVICES			03/58	20230330	CITY	0,67	0,00						20230330	CH		
ac	Achats	0	20230313	40100000	FOURNISSEURS	FDIVERS	DIVERS	03/59	20230313	SUPERMARCHE ESP	0,00	7,40	Y	20230313				20230313	CH		
ac	Achats	0	20230313	60630000	ACHATS FOURN.ENTRET.PETIT EQUIPEMENT			03/59	20230313	SUPERMARCHE	6,17	0,00						20230313	CH		
ac	Achats	0	20230313	44566000	ETAT TVA SUR AUTRES BIENS ET SERVICES			03/59	20230313	SUPERMARCHE	1,23	0,00						20230313	CH		
ac	Achats	0	20230313	40100000	FOURNISSEURS	FDIVERS	DIVERS	03/60	20230313	FRANPRIX ESP	0,00	6,25	Z	20230313				20230313	CH		
ac	Achats	0	20230313	60630000	ACHATS FOURN.ENTRET.PETIT EQUIPEMENT			03/60	20230313	FRANPRIX	6,25	0,00						20230313	CH		
ac	Achats	0	20230312	40100000	FOURNISSEURS	FCASTORA	CASTORAMA	03/61	20230312	CASTORAMA ESP	0,00	12,40	A	20230312				20230312	CH		
ac	Achats	0	20230312	60630000	ACHATS FOURN.ENTRET.PETIT EQUIPEMENT			03/61	20230312	CASTORAMA	10,33	0,00						20230312	CH		
ac	Achats	0	20230312	44566000	ETAT TVA SUR AUTRES BIENS ET SERVICES			03/61	20230312	CASTORAMA	2,07	0,00						20230312	CH		
ac	Achats	0	20230315	40100000	FOURNISSEURS	FDIVERS	DIVERS	03/62	20230315	SUPERMARCHE ESP	0,00	4,94	BF	20230315				20230315	CH		
ac	Achats	0	20230315	60630000	ACHATS FOURN.ENTRET.PETIT EQUIPEMENT			03/62	20230315	SUPERMARCHE	4,12	0,00						20230315	CH		
ac	Achats	0	20230315	44566000	ETAT TVA SUR AUTRES BIENS ET SERVICES			03/62	20230315	SUPERMARCHE	0,82	0,00						20230315	CH		
ac	Achats	0	20230325	40100000	FOURNISSEURS	FDIVERS	DIVERS	03/63	20230325	SUPERMARCHE ESP	0,00	53,67	BH	20230325				20230325	CH		
ac	Achats	0	20230325	60700000	ACHATS DE MARCHANDISES			03/63	20230325	SUPERMARCHE	45,25	0,00						20230325	CH		
ac	Achats	0	20230325	44566000	ETAT TVA SUR AUTRES BIENS ET SERVICES			03/63	20230325	SUPERMARCHE	8,42	0,00						20230325	CH		
ac	Achats	0	20230326	40100000	FOURNISSEURS	FDIVERS	DIVERS	03/64	20230326	SUPERMARCHE ESP	0,00	10,74	AA	20230326				20230326	CH		
ac	Achats	0	20230326	60100000	ACHATS MATIERES PREMIERES			03/64	20230326	SUPERMARCHE	9,92	0,00						20230326	CH		
ac	Achats	0	20230326	44566000	ETAT TVA SUR AUTRES BIENS ET SERVICES			03/64	20230326	SUPERMARCHE	0,82	0,00						20230326	CH		
ac	Achats	0	20230330	40100000	FOURNISSEURS	FDIVERS	DIVERS	03/65	20230330	LES PRIMEURS D EXCELLENCE ESP	0,00	1,50	AU	20230330				20230330	CH		
ac	Achats	0	20230330	60100000	ACHATS MATIERES PREMIERES			03/65	20230330	LES PRIMEURS D EXCELLENCE	1,42	0,00						20230330	CH		
ac	Achats	0	20230330	44566000	ETAT TVA SUR AUTRES BIENS ET SERVICES			03/65	20230330	LES PRIMEURS D EXCELLENCE	0,08	0,00						20230330	CH		
ac	Achats	0	20230324	40100000	FOURNISSEURS	FBOULAN	BOULANGERIE DE RENNES	FNP	20230324	BOULANGERIE DE RENNES	0,00	613,55	B	20230324				20230324	CH		
ac	Achats	0	20230324	60100000	ACHATS MATIERES PREMIERES			FNP	20230324	BOULANGERIE DE RENNES	613,55	0,00						20230324	CH		
ac	Achats	0	20230315	40100000	FOURNISSEURS	FCAP	CAP IMPRESSION	FNP	20230315	CAP IMPRESSION	0,00	715,20	A	20230315				20230315	CH		
ac	Achats	0	20230315	62300000	PUBLICITE PUBLICATIONS REL PUBLIQUES			FNP	20230315	CAP IMPRESSION	596,00	0,00						20230315	CH		
ac	Achats	0	20230315	44566000	ETAT TVA SUR AUTRES BIENS ET SERVICES			FNP	20230315	CAP IMPRESSION	119,20	0,00						20230315	CH		
ac	Achats	0	20230315	40100000	FOURNISSEURS	FSACEM	SACEM - SPRE	FNP	20230315	SACEM - SPRE	0,00	1145,41	A	20230315				20230315	CH		
ac	Achats	0	20230315	65100000	REDEVANCES BREVETS LICENCES			FNP	20230315	SACEM - SPRE	954,51	0,00						20230315	CH		
ac	Achats	0	20230315	44566000	ETAT TVA SUR AUTRES BIENS ET SERVICES			FNP	20230315	SACEM - SPRE	190,90	0,00						20230315	CH		
ac	Achats	0	20230306	40100000	FOURNISSEURS	FEDF	EDF	FNP	20230306	EDF	0,00	669,78	B	20230306				20230306	CH		
ac	Achats	0	20230306	60610000	ACHATS FOURN.NON STOCK.(ENERGIE EAU)			FNP	20230306	EDF	558,15	0,00						20230306	CH		
ac	Achats	0	20230306	44566000	ETAT TVA SUR AUTRES BIENS ET SERVICES			FNP	20230306	EDF	111,63	0,00						20230306	CH		
ac	Achats	0	20230315	40100000	FOURNISSEURS	FPIE	P I ELECTRONIQUE	FNP	20230315	P I ELECTRONIQUE	0,00	1000,00						20230315	CH		
ac	Achats	0	20230315	60630000	ACHATS FOURN.ENTRET.PETIT EQUIPEMENT			FNP	20230315	P I ELECTRONIQUE	833,33	0,00						20230315	CH		
ac	Achats	0	20230315	44566000	ETAT TVA SUR AUTRES BIENS ET SERVICES			FNP	20230315	P I ELECTRONIQUE	166,67	0,00						20230315	CH		
ac	Achats	0	20230327	40100000	FOURNISSEURS	FCHASSIN	CHASSINEAU	FNP	20230327	CHASSINEAU	0,00	91,72						20230327	CH		
ac	Achats	0	20230327	60100000	ACHATS MATIERES PREMIERES			FNP	20230327	CHASSINEAU	86,94	0,00						20230327	CH		
ac	Achats	0	20230327	44566000	ETAT TVA SUR AUTRES BIENS ET SERVICES			FNP	20230327	CHASSINEAU	4,78	0,00						20230327	CH		
ve	Ventes	0	20230331	41100000	CLIENTS	CCB	RECETTE CB	03/2023	20230331	RECETTE CB 03/2023	10170,53	0,00						20230331	CH		
ve	Ventes	0	20230331	41100000	CLIENTS	CESP	RECETTE ESPECES	03/2023	20230331	RECETTE ESP 03/2023	910,81	0,00						20230331	CH		
ve	Ventes	0	20230331	70101000	VENTES PF 20%			03/2023	20230331	VENTES PF 20% 03/2023	0,00	3351,98						20230331	CH		
ve	Ventes	0	20230331	44571190	TVA COLLECTEE 20%			03/2023	20230331	TVA COLLECTEE 20% 03/2023	0,00	670,40						20230331	CH		
ve	Ventes	0	20230331	70101100	VENTES PF 10%			03/2023	20230331	VENTES PF 10% 03/2023	0,00	6417,24						20230331	CH		
ve	Ventes	0	20230331	44571010	TVA COLLECTEE 10%			03/2023	20230331	TVA COLLECTEE 10% 03/2023	0,00	641,72						20230331	CH		
bq	Banque BNP	0	20230302	62700000	SERVICES BANCAIRES ET ASSIMILES			PRLV	20230302	COMMISSIONS	29,80	0,00						20230302	CH		
bq	Banque BNP	0	20230302	51210000	BANQUE BNP PARIBAS			PRLV	20230302	COMMISSIONS	0,00	29,80						20230302	CH		
bq	Banque BNP	0	20230306	40100000	FOURNISSEURS	FORANGE	ORANGE	PRLV	20230306	ORANGE	71,10	0,00						20230306	CH		
bq	Banque BNP	0	20230306	51210000	BANQUE BNP PARIBAS			PRLV	20230306	ORANGE	0,00	71,10						20230306	CH		
bq	Banque BNP	0	20230306	40100000	FOURNISSEURS	FENGIE	ENGIE	PRLV	20230306	ENGIE	228,00	0,00	A	20230630				20230306	CH		
bq	Banque BNP	0	20230306	51210000	BANQUE BNP PARIBAS			PRLV	20230306	ENGIE	0,00	228,00						20230306	CH		
bq	Banque BNP	0	20230306	40100000	FOURNISSEURS	FEDF	EDF	PRLV	20230306	EDF	669,78	0,00	B	20230306				20230306	CH		
bq	Banque BNP	0	20230306	51210000	BANQUE BNP PARIBAS			PRLV	20230306	EDF	0,00	669,78						20230306	CH		
bq	Banque BNP	0	20230307	16420000	PGE 46000			PRLV	20230307	PGE 46000	997,98	0,00						20230307	CH		
bq	Banque BNP	0	20230307	51210000	BANQUE BNP PARIBAS			PRLV	20230307	PGE 46000	0,00	997,98						20230307	CH		
bq	Banque BNP	0	20230307	62700000	SERVICES BANCAIRES ET ASSIMILES			VIR	20230307	RETROCESSION 	0,00	23,34						20230307	CH		
bq	Banque BNP	0	20230307	51210000	BANQUE BNP PARIBAS			VIR	20230307	RETROCESSION 	23,34	0,00						20230307	CH		
bq	Banque BNP	0	20230310	42100300	PITZUS LEONARDO			VIR	20230310	PITZUS LEONARDO	1120,47	0,00	C	20230310				20230310	CH		
bq	Banque BNP	0	20230310	51210000	BANQUE BNP PARIBAS			VIR	20230310	PITZUS LEONARDO	0,00	1120,47						20230310	CH		
bq	Banque BNP	0	20230313	61610000	ASSUR MULTIRISQUES			CHQ 2802500	20230313	ASSUR MULTIRISQUES	1368,00	0,00						20230313	CH		
bq	Banque BNP	0	20230313	51210000	BANQUE BNP PARIBAS			CHQ 2802500	20230313	COMPTE D'ATTENTE.	0,00	1368,00						20230313	CH		
bq	Banque BNP	0	20230315	40100000	FOURNISSEURS	FSACEM	SACEM - SPRE	VIR	20230315	SACEM - SPRE	288,38	0,00	A	20230315				20230315	CH		
bq	Banque BNP	0	20230315	51210000	BANQUE BNP PARIBAS			VIR	20230315	SACEM - SPRE	0,00	288,38						20230315	CH		
bq	Banque BNP	0	20230315	40100000	FOURNISSEURS	FCAP	CAP IMPRESSION	VIR	20230315	CAP IMPRESSION FAC 5/01	715,20	0,00	A	20230315				20230315	CH		
bq	Banque BNP	0	20230315	51210000	BANQUE BNP PARIBAS			VIR	20230315	CAP IMPRESSION FAC 5/01	0,00	715,20						20230315	CH		
bq	Banque BNP	0	20230315	40100000	FOURNISSEURS	FSACEM	SACEM - SPRE	VIR	20230315	SACEM - SPRE	857,03	0,00	A	20230315				20230315	CH		
bq	Banque BNP	0	20230315	51210000	BANQUE BNP PARIBAS			VIR	20230315	SACEM - SPRE	0,00	857,03						20230315	CH		
bq	Banque BNP	0	20230315	40100000	FOURNISSEURS	FPIE	P I ELECTRONIQUE	VIR	20230315	P I ELECTRONIQUE	1000,00	0,00						20230315	CH		
bq	Banque BNP	0	20230315	51210000	BANQUE BNP PARIBAS			VIR	20230315	P I ELECTRONIQUE	0,00	1000,00						20230315	CH		
bq	Banque BNP	0	20230315	40100000	FOURNISSEURS	FMETRO	METRO	VIR	20230315	METRO	1034,74	0,00	A	20230315				20230315	CH		
bq	Banque BNP	0	20230315	51210000	BANQUE BNP PARIBAS			VIR	20230315	METRO	0,00	1034,74						20230315	CH		
bq	Banque BNP	0	20230315	40100000	FOURNISSEURS	FREYNAUD	REYNAUD	VIR	20230315	REYNAUD DEC/JAN/FEV	3347,68	0,00	A	20230630				20230315	CH		
bq	Banque BNP	0	20230315	51210000	BANQUE BNP PARIBAS			VIR	20230315	REYNAUD DEC/JAN/FEV	0,00	3347,68						20230315	CH		
bq	Banque BNP	0	20230315	40100000	FOURNISSEURS	FMEREGAL	MEREGALLI	VIR	20230315	MEREGALLI DEC/JANV	4075,64	0,00						20230315	CH		
bq	Banque BNP	0	20230315	51210000	BANQUE BNP PARIBAS			VIR	20230315	MEREGALLI DEC/JANV	0,00	4075,64						20230315	CH		
bq	Banque BNP	0	20230316	43100000	SECURITE SOCIALE			PRLV	20230316	URSSAF FEV	537,00	0,00						20230316	CH		
bq	Banque BNP	0	20230316	51210000	BANQUE BNP PARIBAS			PRLV	20230316	URSSAF FEV	0,00	537,00						20230316	CH		
bq	Banque BNP	0	20230316	40100000	FOURNISSEURS	FANNE	ANNE-FRANCE ROUX	VIR	20230316	ANNE-FRANCE ROUX F.2023.0114	3120,00	0,00	A	20230316				20230316	CH		
bq	Banque BNP	0	20230316	51210000	BANQUE BNP PARIBAS			VIR	20230316	ANNE-FRANCE ROUX F.2023.0114	0,00	3120,00						20230316	CH		
bq	Banque BNP	0	20230323	41100000	CLIENTS	CCB	RECETTE CB	CB	20230323	RECETTE CB	0,00	793,30						20230323	CH		
bq	Banque BNP	0	20230323	51210000	BANQUE BNP PARIBAS			CB	20230323	RECETTE CB	793,30	0,00						20230323	CH		
bq	Banque BNP	0	20230323	44551000	ETAT TVA A DECAISSER			PRLV	20230323	TVA 03/2023	2083,00	0,00	C	20230323				20230323	CH		
bq	Banque BNP	0	20230323	51210000	BANQUE BNP PARIBAS			PRLV	20230323	TVA 03/2023	0,00	2083,00						20230323	CH		
bq	Banque BNP	0	20230324	41100000	CLIENTS	CCB	RECETTE CB	REM CHQ	20230324	RECETTE CB	0,00	1108,17						20230324	CH		
bq	Banque BNP	0	20230324	51210000	BANQUE BNP PARIBAS			REM CHQ	20230324	RECETTE CB	1108,17	0,00						20230324	CH		
bq	Banque BNP	0	20230324	40100000	FOURNISSEURS	FNETTOYA	CLEAN WASH	VIR	20230324	CLEAN WASH FACT 102694	289,00	0,00	A	20230324				20230324	CH		
bq	Banque BNP	0	20230324	51210000	BANQUE BNP PARIBAS			VIR	20230324	CLEAN WASH FACT 102694	0,00	289,00						20230324	CH		
bq	Banque BNP	0	20230324	40100000	FOURNISSEURS	FDIVERS	DIVERS	VIR	20230324	LEDEUDE FAC 0923	384,00	0,00	C	20230324				20230324	CH		
bq	Banque BNP	0	20230324	51210000	BANQUE BNP PARIBAS			VIR	20230324	LEDEUDE FAC 0923	0,00	384,00						20230324	CH		
bq	Banque BNP	0	20230324	40100000	FOURNISSEURS	FBOULAN	BOULANGERIE DE RENNES	VIR	20230324	BOULANGERIE DE RENNES 28/2 L21	613,55	0,00	B	20230324				20230324	CH		
bq	Banque BNP	0	20230324	51210000	BANQUE BNP PARIBAS			VIR	20230324	BOULANGERIE DE RENNES 28/2 L	0,00	613,55						20230324	CH		
bq	Banque BNP	0	20230324	40100000	FOURNISSEURS	FANNE	ANNE-FRANCE ROUX	VIR	20230324	ANNE-FRANCE ROUX F.20230118	858,40	0,00	B	20230324				20230324	CH		
bq	Banque BNP	0	20230324	51210000	BANQUE BNP PARIBAS			VIR	20230324	ANNE-FRANCE ROUX F.20230118	0,00	858,40						20230324	CH		
bq	Banque BNP	0	20230324	40100000	FOURNISSEURS	FFIELOUX	FIELOUX	VIR	20230324	FIELOUX F2023-37	7254,00	0,00	A	20230324				20230324	CH		
bq	Banque BNP	0	20230324	51210000	BANQUE BNP PARIBAS			VIR	20230324	FIELOUX F2023-37	0,00	7254,00						20230324	CH		
bq	Banque BNP	0	20230324	40100000	FOURNISSEURS	FLOYER	SUMATRA	VIR	20230324	SUMATRA	11766,47	0,00						20230324	CH		
bq	Banque BNP	0	20230324	51210000	BANQUE BNP PARIBAS			VIR	20230324	SUMATRA	0,00	11766,47						20230324	CH		
bq	Banque BNP	0	20230327	40100000	FOURNISSEURS	FCHASSIN	CHASSINEAU	VIR	20230327	CHASSINEAU	964,48	0,00						20230327	CH		
bq	Banque BNP	0	20230327	51210000	BANQUE BNP PARIBAS			VIR	20230327	CHASSINEAU	0,00	964,48						20230327	CH		
bq	Banque BNP	0	20230327	41100000	CLIENTS	CCB	RECETTE CB	CB	20230327	RECETTE CB	0,00	928,54						20230327	CH		
bq	Banque BNP	0	20230327	51210000	BANQUE BNP PARIBAS			CB	20230327	RECETTE CB	928,54	0,00						20230327	CH		
bq	Banque BNP	0	20230327	41100000	CLIENTS	CCB	RECETTE CB	CB	20230327	RECETTE CB	0,00	1495,03						20230327	CH		
bq	Banque BNP	0	20230327	51210000	BANQUE BNP PARIBAS			CB	20230327	RECETTE CB	1495,03	0,00						20230327	CH		
bq	Banque BNP	0	20230327	41100000	CLIENTS	CCB	RECETTE CB	CB	20230327	RECETTE CB	0,00	2080,53						20230327	CH		
bq	Banque BNP	0	20230327	51210000	BANQUE BNP PARIBAS			CB	20230327	RECETTE CB	2080,53	0,00						20230327	CH		
bq	Banque BNP	0	20230327	43750000	RETRAITE NON CADRE			CB	20230327	KLESIA 	113,43	0,00						20230327	CH		
bq	Banque BNP	0	20230327	51210000	BANQUE BNP PARIBAS			CB	20230327	KLESIA 	0,00	113,43						20230327	CH		
bq	Banque BNP	0	20230329	41100000	CLIENTS	CCB	RECETTE CB	CB	20230329	RECETTE CB	0,00	777,70						20230329	CH		
bq	Banque BNP	0	20230329	51210000	BANQUE BNP PARIBAS			CB	20230329	RECETTE CB	777,70	0,00						20230329	CH		
bq	Banque BNP	0	20230329	41100000	CLIENTS	CCB	RECETTE CB	CB	20230329	RECETTE CB	0,00	797,96						20230329	CH		
bq	Banque BNP	0	20230329	51210000	BANQUE BNP PARIBAS			CB	20230329	RECETTE CB	797,96	0,00						20230329	CH		
bq	Banque BNP	0	20230330	16420000	PGE 46000			CB	20230330	PGE 46000	33,60	0,00						20230330	CH		
bq	Banque BNP	0	20230330	51210000	BANQUE BNP PARIBAS			CB	20230330	PGE 46000	0,00	33,60						20230330	CH		
bq	Banque BNP	0	20230331	41100000	CLIENTS	CCB	RECETTE CB	CB	20230331	RECETTE CB	0,00	1003,44						20230331	CH		
bq	Banque BNP	0	20230331	51210000	BANQUE BNP PARIBAS			CB	20230331	RECETTE CB	1003,44	0,00						20230331	CH		
od	Opérations diverses	0	20230328	64100000	REMUNERATIONS DU PERSONNEL			03/2023	20230328	OD SALAIRE 	3866,90	0,00						20230328	CH		
od	Opérations diverses	0	20230328	64140000	PERS INDEMNITES ET AVANTAGES DIVERS			03/2023	20230328	OD SALAIRE 	132,33	0,00						20230328	CH		
od	Opérations diverses	0	20230328	43100000	SECURITE SOCIALE			03/2023	20230328	OD SALAIRE 	0,00	512,74						20230328	CH		
od	Opérations diverses	0	20230328	43750000	RETRAITE NON CADRE			03/2023	20230328	OD SALAIRE 	0,00	160,37						20230328	CH		
od	Opérations diverses	0	20230328	43720000	GROUPE MORNAY			03/2023	20230328	OD SALAIRE 	0,00	18,65						20230328	CH		
od	Opérations diverses	0	20230328	43720000	GROUPE MORNAY			03/2023	20230328	OD SALAIRE 	0,00	93,68						20230328	CH		
od	Opérations diverses	0	20230328	79100000	TRANSF.CHARGES D'EXPLOITATION			03/2023	20230328	OD SALAIRE avantages repas	0,00	132,33						20230328	CH		
od	Opérations diverses	0	20230328	64140000	PERS INDEMNITES ET AVANTAGES DIVERS			03/2023	20230328	OD SALAIRE navigo	15,00	0,00						20230328	CH		
od	Opérations diverses	0	20230328	42103700	NDIAYE BADO			03/2023	20230328	NDIAYE BADO 	0,00	2000,94	C	20230417				20230328	CH		
od	Opérations diverses	0	20230328	42103700	NDIAYE BADO			03/2023	20230328	NDIAYE BADO trop percu	0,00	46,74	C	20230417				20230328	CH		
od	Opérations diverses	0	20230328	42100300	PITZUS LEONARDO			03/2023	20230328	PITZUS LEONARDO	29,21	0,00	D	20230428				20230328	CH		
od	Opérations diverses	0	20230328	42100000	PERS REMUNERATIONS DUES	SCAMARA	CAMARA Wague	03/2023	20230328	CAMARA Wague	0,00	255,11	A	20230417				20230328	CH		
od	Opérations diverses	0	20230328	42100000	PERS REMUNERATIONS DUES	SALEXAND	ALEXANDRE VARTOUKIAN	03/2023	20230328	ALEXANDRE VARTOUKIAN	0,00	822,88	A	20230411				20230328	CH		
od	Opérations diverses	0	20230328	43720000	GROUPE MORNAY			03/2023	20230328	OD SALAIRE CS PP MUT	0,00	150,00						20230328	CH		
od	Opérations diverses	0	20230328	64520000	PERS COTISATIONS AUX MUTUELLES			03/2023	20230328	OD SALAIRE CS PP MUT	150,00	0,00						20230328	CH		
od	Opérations diverses	0	20230328	43720000	GROUPE MORNAY			03/2023	20230328	OD SALAIRE CS PP PREV	0,00	18,65						20230328	CH		
od	Opérations diverses	0	20230328	64520000	PERS COTISATIONS AUX MUTUELLES			03/2023	20230328	OD SALAIRE CS PP PREV	18,65	0,00						20230328	CH		
od	Opérations diverses	0	20230328	43100000	SECURITE SOCIALE			03/2023	20230328	OD SALAIRE CS PP 	0,00	415,52						20230328	CH		
od	Opérations diverses	0	20230328	64510000	PERS COTISATIONS A L'URSSAF			03/2023	20230328	OD SALAIRE CS PP 	415,52	0,00						20230328	CH		
ca	Caisse	0	20230314	40100000	FOURNISSEURS	FBRICORA	BRICORAMA	03/17	20230314	BRICORAMA	30,90	0,00	A	20230314				20230314	CH		
ca	Caisse	0	20230314	53000000	CAISSE			03/17	20230314	BRICORAMA	0,00	30,90						20230314	CH		
ca	Caisse	0	20230311	40100000	FOURNISSEURS	FDIVERS	DIVERS	03/18	20230311	SUPERMARCHE	37,81	0,00	F	20230311				20230311	CH		
ca	Caisse	0	20230311	53000000	CAISSE			03/18	20230311	SUPERMARCHE	0,00	37,81						20230311	CH		
ca	Caisse	0	20230317	40100000	FOURNISSEURS	FLEROY	LEROY MERLIN	03/21	20230317	LEROY MERLIN	54,70	0,00	A	20230317				20230317	CH		
ca	Caisse	0	20230317	53000000	CAISSE			03/21	20230317	LEROY MERLIN	0,00	54,70						20230317	CH		
ca	Caisse	0	20230329	40100000	FOURNISSEURS	FDIVERS	DIVERS	03/25	20230329	TOC PARIS	234,80	0,00	G	20230329				20230329	CH		
ca	Caisse	0	20230329	53000000	CAISSE			03/25	20230329	TOC PARIS	0,00	234,80						20230329	CH		
ca	Caisse	0	20230329	40100000	FOURNISSEURS	FDIVERS	DIVERS	03/26	20230329	SIMON	20,00	0,00	H	20230329				20230329	CH		
ca	Caisse	0	20230329	53000000	CAISSE			03/26	20230329	SIMON	0,00	20,00						20230329	CH		
ca	Caisse	0	20230329	40100000	FOURNISSEURS	FDIVERS	DIVERS	03/27	20230329	MORA	25,86	0,00	I	20230329				20230329	CH		
ca	Caisse	0	20230329	53000000	CAISSE			03/27	20230329	MORA	0,00	25,86						20230329	CH		
ca	Caisse	0	20230329	40100000	FOURNISSEURS	FDIVERS	DIVERS	03/28	20230329	CARREFOUR	41,77	0,00	J	20230329				20230329	CH		
ca	Caisse	0	20230329	53000000	CAISSE			03/28	20230329	CARREFOUR	0,00	41,77						20230329	CH		
ca	Caisse	0	20230316	40100000	FOURNISSEURS	FLEROY	LEROY MERLIN	03/30	20230316	LEROY MERLIN	46,40	0,00	B	20230316				20230316	CH		
ca	Caisse	0	20230316	53000000	CAISSE			03/30	20230316	LEROY MERLIN	0,00	46,40						20230316	CH		
ca	Caisse	0	20230316	40100000	FOURNISSEURS	FLEROY	LEROY MERLIN	03/31	20230316	LEROY MERLIN	85,10	0,00	C	20230316				20230316	CH		
ca	Caisse	0	20230316	53000000	CAISSE			03/31	20230316	LEROY MERLIN	0,00	85,10						20230316	CH		
ca	Caisse	0	20230322	40100000	FOURNISSEURS	FDIVERS	DIVERS	03/36	20230322	A.SIMON	13,30	0,00	K	20230322				20230322	CH		
ca	Caisse	0	20230322	53000000	CAISSE			03/36	20230322	A.SIMON	0,00	13,30						20230322	CH		
ca	Caisse	0	20230323	40100000	FOURNISSEURS	FLEROY	LEROY MERLIN	03/37	20230323	LEROY MERLIN	161,79	0,00	D	20230323				20230323	CH		
ca	Caisse	0	20230323	53000000	CAISSE			03/37	20230323	LEROY MERLIN	0,00	161,79						20230323	CH		
ca	Caisse	0	20230322	40100000	FOURNISSEURS	FDIVERS	DIVERS	03/38	20230322	A AND B COM	15,00	0,00	L	20230322				20230322	CH		
ca	Caisse	0	20230322	53000000	CAISSE			03/38	20230322	A AND B COM	0,00	15,00						20230322	CH		
ca	Caisse	0	20230322	40100000	FOURNISSEURS	FDIVERS	DIVERS	03/39	20230322	LA GLACIERE DE PARIS	40,00	0,00	M	20230322				20230322	CH		
ca	Caisse	0	20230322	53000000	CAISSE			03/39	20230322	LA GLACIERE DE PARIS	0,00	40,00						20230322	CH		
ca	Caisse	0	20230323	40100000	FOURNISSEURS	FDIVERS	DIVERS	03/34	20230323	DELITALY	31,68	0,00	N	20230323				20230323	CH		
ca	Caisse	0	20230323	53000000	CAISSE			03/34	20230323	DELITALY	0,00	31,68						20230323	CH		
ca	Caisse	0	20230322	40100000	FOURNISSEURS	FDIVERS	DIVERS	03/35	20230322	A.SIMON	94,20	0,00	P	20230322				20230322	CH		
ca	Caisse	0	20230322	53000000	CAISSE			03/35	20230322	A.SIMON	0,00	94,20						20230322	CH		
ca	Caisse	0	20230325	40100000	FOURNISSEURS	FDIVERS	DIVERS	03/42	20230325	CITY	3,31	0,00	Q	20230325				20230325	CH		
ca	Caisse	0	20230325	53000000	CAISSE			03/42	20230325	CITY	0,00	3,31						20230325	CH		
ca	Caisse	0	20230322	40100000	FOURNISSEURS	FDIVERS	DIVERS	03/43	20230322	SUPERMARCHE	4,99	0,00	O	20230322				20230322	CH		
ca	Caisse	0	20230322	53000000	CAISSE			03/43	20230322	SUPERMARCHE	0,00	4,99						20230322	CH		
ca	Caisse	0	20230322	40100000	FOURNISSEURS	FDIVERS	DIVERS	03/44	20230322	A.SIMON	52,55	0,00	S	20230322				20230322	CH		
ca	Caisse	0	20230322	53000000	CAISSE			03/44	20230322	A.SIMON	0,00	52,55						20230322	CH		
ca	Caisse	0	20230322	40100000	FOURNISSEURS	FDIVERS	DIVERS	03/45	20230322	DELITALY	78,80	0,00	T	20230322				20230322	CH		
ca	Caisse	0	20230322	53000000	CAISSE			03/45	20230322	DELITALY	0,00	78,80						20230322	CH		
ca	Caisse	0	20230322	40100000	FOURNISSEURS	FDIVERS	DIVERS	03/46	20230322	CITY ESP	9,42	0,00	U	20230322				20230322	CH		
ca	Caisse	0	20230322	53000000	CAISSE			03/46	20230322	CITY	0,00	9,42						20230322	CH		
ca	Caisse	0	20230322	40100000	FOURNISSEURS	FDIVERS	DIVERS	03/49	20230322	CITY ESP	44,48	0,00	R	20230322				20230322	CH		
ca	Caisse	0	20230322	53000000	CAISSE			03/49	20230322	CITY	0,00	44,48						20230322	CH		
ca	Caisse	0	20230322	40100000	FOURNISSEURS	FDIVERS	DIVERS	03/50	20230322	CUL DE COCHON	6,90	0,00	V	20230322				20230322	CH		
ca	Caisse	0	20230322	53000000	CAISSE			03/50	20230322	CUL DE COCHON	0,00	6,90						20230322	CH		
ca	Caisse	0	20230322	40100000	FOURNISSEURS	FDIVERS	DIVERS	03/52	20230322	HALLES 3000	10,45	0,00	W	20230322				20230322	CH		
ca	Caisse	0	20230322	53000000	CAISSE			03/52	20230322	HALLES 3000	0,00	10,45						20230322	CH		
ca	Caisse	0	20230312	40100000	FOURNISSEURS	FLEROY	LEROY MERLIN	03/57	20230312	LEROY MERLIN	142,50	0,00	E	20230312				20230312	CH		
ca	Caisse	0	20230312	53000000	CAISSE			03/57	20230312	LEROY MERLIN	0,00	142,50						20230312	CH		
ca	Caisse	0	20230330	40100000	FOURNISSEURS	FDIVERS	DIVERS	03/58	20230330	CITY	12,84	0,00	X	20230330				20230330	CH		
ca	Caisse	0	20230330	53000000	CAISSE			03/58	20230330	CITY	0,00	12,84						20230330	CH		
ca	Caisse	0	20230313	40100000	FOURNISSEURS	FDIVERS	DIVERS	03/59	20230313	SZSUPERMARCHE	7,40	0,00	Y	20230313				20230313	CH		
ca	Caisse	0	20230313	53000000	CAISSE			03/59	20230313	SZSUPERMARCHE	0,00	7,40						20230313	CH		
ca	Caisse	0	20230313	40100000	FOURNISSEURS	FDIVERS	DIVERS	03/60	20230313	FRANPRIX 	6,25	0,00	Z	20230313				20230313	CH		
ca	Caisse	0	20230313	53000000	CAISSE			03/60	20230313	FRANPRIX 	0,00	6,25						20230313	CH		
ca	Caisse	0	20230312	40100000	FOURNISSEURS	FCASTORA	CASTORAMA	03/61	20230312	CASTORAMA	12,40	0,00	A	20230312				20230312	CH		
ca	Caisse	0	20230312	53000000	CAISSE			03/61	20230312	CASTORAMA	0,00	12,40						20230312	CH		
ca	Caisse	0	20230326	40100000	FOURNISSEURS	FDIVERS	DIVERS	03/62	20230326	SUPERMARCHE	10,74	0,00	AA	20230326				20230326	CH		
ca	Caisse	0	20230326	53000000	CAISSE			03/62	20230326	SUPERMARCHE	0,00	10,74						20230326	CH		
ca	Caisse	0	20230330	40100000	FOURNISSEURS	FDIVERS	DIVERS	03/63	20230330	LES PRIMEURS D EXCELLENCE	1,50	0,00	AU	20230330				20230330	CH		
ca	Caisse	0	20230330	53000000	CAISSE			03/63	20230330	LES PRIMEURS D EXCELLENCE	0,00	1,50						20230330	CH		
ca	Caisse	0	20230313	40100000	FOURNISSEURS	FCASTORA	CASTORAMA	03/20	20230313	CASTORAMA	62,90	0,00	B	20230313				20230313	CH		
ca	Caisse	0	20230313	53000000	CAISSE			03/20	20230313	CASTORAMA	0,00	62,90						20230313	CH		
ca	Caisse	0	20230315	40100000	FOURNISSEURS	FDIVERS	DIVERS	03/62	20230315	SUPERMARCHE	4,94	0,00	BF	20230315				20230315	CH		
ca	Caisse	0	20230315	53000000	CAISSE			03/62	20230315	SUPERMARCHE	0,00	4,94						20230315	CH		
ca	Caisse	0	20230322	40100000	FOURNISSEURS	FDIVERS	DIVERS	03/48	20230322	AU NOM DE LA ROSE	17,00	0,00	BG	20230322				20230322	CH		
ca	Caisse	0	20230322	53000000	CAISSE			03/48	20230322	AU NOM DE LA ROSE	0,00	17,00						20230322	CH		
ca	Caisse	0	20230325	40100000	FOURNISSEURS	FDIVERS	DIVERS	03/50	20230325	SUPERMARCHE	53,67	0,00	BH	20230325				20230325	CH		
ca	Caisse	0	20230325	53000000	CAISSE			03/50	20230325	SUPERMARCHE	0,00	53,67						20230325	CH		
ca	Caisse	0	20230325	40100000	FOURNISSEURS	FDIVERS	DIVERS	03/51	20230325	CITY	11,35	0,00	BI	20230325				20230325	CH		
ca	Caisse	0	20230325	53000000	CAISSE			03/51	20230325	CITY	0,00	11,35						20230325	CH		
ca	Caisse	0	20230329	40100000	FOURNISSEURS	FDIVERS	DIVERS	03/29	20230329	SUPERMARCHE	3,78	0,00	BJ	20230329				20230329	CH		
ca	Caisse	0	20230329	53000000	CAISSE			03/29	20230329	SUPERMARCHE	0,00	3,78						20230329	CH		
ca	Caisse	0	20230314	40100000	FOURNISSEURS	FLEROY	LEROY MERLIN	03/24	20230314	LEROY MERLIN	119,20	0,00	F	20230314				20230314	CH		
ca	Caisse	0	20230314	53000000	CAISSE			03/24	20230314	LEROY MERLIN	0,00	119,20						20230314	CH		
ac	Achats	0	20230424	40100000	FOURNISSEURS	FDEPLACE	DEPLACEMENT	04/01	20230424	HOTEL DU SENTIER F.8795	0,00	1117,28						20230424	CH		
ac	Achats	0	20230424	62510000	VOYAGES ET DEPLACEMENTS			04/01	20230424	HOTEL DU SENTIER F.8795	1117,28	0,00						20230424	CH		
ac	Achats	0	20230424	40100000	FOURNISSEURS	FPIERRE	PIERRE LINDON	04/02	20230424	PIERRE LINDON F.2023001	0,00	2506,00	C	20230427				20230424	CH		
ac	Achats	0	20230424	62100000	PERSONNEL EXTERIEUR A L'ENTREPRISE			04/02	20230424	PIERRE LINDON F.2023001	2506,00	0,00						20230424	CH		
ac	Achats	0	20230430	40100000	FOURNISSEURS	FBOULAN	BOULANGERIE DE RENNES	04/03	20230430	BOULANGERIE DE RENNES F.2338	0,00	304,29	A	20230630				20230430	CH		
ac	Achats	0	20230430	60100000	ACHATS MATIERES PREMIERES			04/03	20230430	BOULANGERIE DE RENNES	288,01	0,00						20230430	CH		
ac	Achats	0	20230430	44566000	ETAT TVA SUR AUTRES BIENS ET SERVICES			04/03	20230430	BOULANGERIE DE RENNES	16,28	0,00						20230430	CH		
ac	Achats	0	20230412	40100000	FOURNISSEURS	FITFOOD	ITALIAN FOOD	04/04	20230412	ITALIAN FOOD F.1175	0,00	340,09	B	20230614				20230412	CH		
ac	Achats	0	20230412	60100000	ACHATS MATIERES PREMIERES			04/04	20230412	ITALIAN FOOD F.1175	322,36	0,00						20230412	CH		
ac	Achats	0	20230412	44566000	ETAT TVA SUR AUTRES BIENS ET SERVICES			04/04	20230412	ITALIAN FOOD F.1175	17,73	0,00						20230412	CH		
ac	Achats	0	20230414	40100000	FOURNISSEURS	FITFOOD	ITALIAN FOOD	04/05	20230414	ITALIAN FOOD F.1221	0,00	553,78	B	20230614				20230414	CH		
ac	Achats	0	20230414	60100000	ACHATS MATIERES PREMIERES			04/05	20230414	ITALIAN FOOD F.1221	510,07	0,00						20230414	CH		
ac	Achats	0	20230414	44566000	ETAT TVA SUR AUTRES BIENS ET SERVICES			04/05	20230414	ITALIAN FOOD F.1221	43,71	0,00						20230414	CH		
ac	Achats	0	20230418	40100000	FOURNISSEURS	FITFOOD	ITALIAN FOOD	04/06	20230418	ITALIAN FOOD F.1259	0,00	672,15	B	20230614				20230418	CH		
ac	Achats	0	20230418	60100000	ACHATS MATIERES PREMIERES			04/06	20230418	ITALIAN FOOD F.1259	637,11	0,00						20230418	CH		
ac	Achats	0	20230418	44566000	ETAT TVA SUR AUTRES BIENS ET SERVICES			04/06	20230418	ITALIAN FOOD F.1259	35,04	0,00						20230418	CH		
ac	Achats	0	20230428	40100000	FOURNISSEURS	FITFOOD	ITALIAN FOOD	04/07	20230428	ITALIAN FOOD F.1384	0,00	94,80	B	20230614				20230428	CH		
ac	Achats	0	20230428	60100000	ACHATS MATIERES PREMIERES			04/07	20230428	ITALIAN FOOD F.1384	89,86	0,00						20230428	CH		
ac	Achats	0	20230428	44566000	ETAT TVA SUR AUTRES BIENS ET SERVICES			04/07	20230428	ITALIAN FOOD F.1384	4,94	0,00						20230428	CH		
ac	Achats	0	20230425	40100000	FOURNISSEURS	FITFOOD	ITALIAN FOOD	04/08	20230425	ITALIAN FOOD F.1336	0,00	915,32	B	20230614				20230425	CH		
ac	Achats	0	20230425	60100000	ACHATS MATIERES PREMIERES			04/08	20230425	ITALIAN FOOD F.1336	867,60	0,00						20230425	CH		
ac	Achats	0	20230425	44566000	ETAT TVA SUR AUTRES BIENS ET SERVICES			04/08	20230425	ITALIAN FOOD F.1336	47,72	0,00						20230425	CH		
ac	Achats	0	20230407	40100000	FOURNISSEURS	FITFOOD	ITALIAN FOOD	04/09	20230407	ITALIAN FOOD F.1141	0,00	756,12	B	20230614				20230407	CH		
ac	Achats	0	20230407	60100000	ACHATS MATIERES PREMIERES			04/09	20230407	ITALIAN FOOD F.1141	716,70	0,00						20230407	CH		
ac	Achats	0	20230407	44566000	ETAT TVA SUR AUTRES BIENS ET SERVICES			04/09	20230407	ITALIAN FOOD F.1141	39,42	0,00						20230407	CH		
ac	Achats	0	20230404	40100000	FOURNISSEURS	FITFOOD	ITALIAN FOOD	04/10	20230404	ITALIAN FOOD F.1092	0,00	579,84	B	20230614				20230404	CH		
ac	Achats	0	20230404	60100000	ACHATS MATIERES PREMIERES			04/10	20230404	ITALIAN FOOD F.1092	549,61	0,00						20230404	CH		
ac	Achats	0	20230404	44566000	ETAT TVA SUR AUTRES BIENS ET SERVICES			04/10	20230404	ITALIAN FOOD F.1092	30,23	0,00						20230404	CH		
ac	Achats	0	20230428	40100000	FOURNISSEURS	FMVS	SARL MVS	04/11	20230428	SARL MVS F.04230350	0,00	447,00	A	20230630				20230428	CH		
ac	Achats	0	20230428	60630000	ACHATS FOURN.ENTRET.PETIT EQUIPEMENT			04/11	20230428	SARL MVS F.04230350	372,50	0,00						20230428	CH		
ac	Achats	0	20230428	44566000	ETAT TVA SUR AUTRES BIENS ET SERVICES			04/11	20230428	SARL MVS F.04230350	74,50	0,00						20230428	CH		
ac	Achats	0	20230401	40100000	FOURNISSEURS	FBEAUGRA	BEAUGRAIN	RL813	20230401	BEAUGRAIN FAC-20230401-05585	0,00	382,55						20230401	CH		
ac	Achats	0	20230401	60100000	ACHATS MATIERES PREMIERES			RL813	20230401	BEAUGRAIN FAC-20230401-05585	362,61	0,00						20230401	CH		
ac	Achats	0	20230401	44566000	ETAT TVA SUR AUTRES BIENS ET SERVICES			RL813	20230401	BEAUGRAIN FAC-20230401-05585	19,94	0,00						20230401	CH		
ac	Achats	0	20230405	40100000	FOURNISSEURS	FBEAUGRA	BEAUGRAIN	RL813	20230405	BEAUGRAIN FAC-20230405-05828	0,00	496,02						20230405	CH		
ac	Achats	0	20230405	60100000	ACHATS MATIERES PREMIERES			RL813	20230405	BEAUGRAIN FAC-20230405-05828	470,16	0,00						20230405	CH		
ac	Achats	0	20230405	44566000	ETAT TVA SUR AUTRES BIENS ET SERVICES			RL813	20230405	BEAUGRAIN FAC-20230405-05828	25,86	0,00						20230405	CH		
ac	Achats	0	20230406	40100000	FOURNISSEURS	FBEAUGRA	BEAUGRAIN	RL813	20230406	BEAUGRAIN FAC-20230406-05888	0,00	303,98						20230406	CH		
ac	Achats	0	20230406	60100000	ACHATS MATIERES PREMIERES			RL813	20230406	BEAUGRAIN FAC-20230406-05888	288,13	0,00						20230406	CH		
ac	Achats	0	20230406	44566000	ETAT TVA SUR AUTRES BIENS ET SERVICES			RL813	20230406	BEAUGRAIN FAC-20230406-05888	15,85	0,00						20230406	CH		
ac	Achats	0	20230408	40100000	FOURNISSEURS	FBEAUGRA	BEAUGRAIN	BL813	20230408	BEAUGRAIN FAC-20230408-06038	0,00	931,49						20230408	CH		
ac	Achats	0	20230408	60100000	ACHATS MATIERES PREMIERES			BL813	20230408	BEAUGRAIN FAC-20230408-06038	882,93	0,00						20230408	CH		
ac	Achats	0	20230408	44566000	ETAT TVA SUR AUTRES BIENS ET SERVICES			BL813	20230408	BEAUGRAIN FAC-20230408-06038	48,56	0,00						20230408	CH		
ac	Achats	0	20230411	40100000	FOURNISSEURS	FBEAUGRA	BEAUGRAIN	BL813	20230411	BEAUGRAIN FAC-20230411-06153	0,00	275,90						20230411	CH		
ac	Achats	0	20230411	60100000	ACHATS MATIERES PREMIERES			BL813	20230411	BEAUGRAIN FAC-20230411-06153	261,52	0,00						20230411	CH		
ac	Achats	0	20230411	44566000	ETAT TVA SUR AUTRES BIENS ET SERVICES			BL813	20230411	BEAUGRAIN FAC-20230411-06153	14,38	0,00						20230411	CH		
ac	Achats	0	20230412	40100000	FOURNISSEURS	FBEAUGRA	BEAUGRAIN	BL813	20230412	BEAUGRAIN FAC-20230412-06226	0,00	518,81						20230412	CH		
ac	Achats	0	20230412	60100000	ACHATS MATIERES PREMIERES			BL813	20230412	BEAUGRAIN FAC-20230412-06226	491,76	0,00						20230412	CH		
ac	Achats	0	20230412	44566000	ETAT TVA SUR AUTRES BIENS ET SERVICES			BL813	20230412	BEAUGRAIN FAC-20230412-06226	27,05	0,00						20230412	CH		
ac	Achats	0	20230413	40100000	FOURNISSEURS	FBEAUGRA	BEAUGRAIN	BL813	20230413	BEAUGRAIN FAC-20230413-06280	0,00	277,83						20230413	CH		
ac	Achats	0	20230413	60100000	ACHATS MATIERES PREMIERES			BL813	20230413	BEAUGRAIN FAC-20230413-06280	263,35	0,00						20230413	CH		
ac	Achats	0	20230413	44566000	ETAT TVA SUR AUTRES BIENS ET SERVICES			BL813	20230413	BEAUGRAIN FAC-20230413-06280	14,48	0,00						20230413	CH		
ac	Achats	0	20230414	40100000	FOURNISSEURS	FBEAUGRA	BEAUGRAIN	BL813	20230414	BEAUGRAIN FAC-20230414-06362	0,00	404,88						20230414	CH		
ac	Achats	0	20230414	60100000	ACHATS MATIERES PREMIERES			BL813	20230414	BEAUGRAIN FAC-20230414-06362	383,77	0,00						20230414	CH		
ac	Achats	0	20230414	44566000	ETAT TVA SUR AUTRES BIENS ET SERVICES			BL813	20230414	BEAUGRAIN FAC-20230414-06362	21,11	0,00						20230414	CH		
ac	Achats	0	20230414	40100000	FOURNISSEURS	FBEAUGRA	BEAUGRAIN	BL813	20230414	BEAUGRAIN FAC-20230414-06367	0,00	310,75						20230414	CH		
ac	Achats	0	20230414	60100000	ACHATS MATIERES PREMIERES			BL813	20230414	BEAUGRAIN FAC-20230414-06367	294,55	0,00						20230414	CH		
ac	Achats	0	20230414	44566000	ETAT TVA SUR AUTRES BIENS ET SERVICES			BL813	20230414	BEAUGRAIN FAC-20230414-06367	16,20	0,00						20230414	CH		
ac	Achats	0	20230415	40100000	FOURNISSEURS	FBEAUGRA	BEAUGRAIN	BL813	20230415	BEAUGRAIN FAC-20230415-06428	0,00	156,83						20230415	CH		
ac	Achats	0	20230415	60100000	ACHATS MATIERES PREMIERES			BL813	20230415	BEAUGRAIN FAC-20230415-06428	148,65	0,00						20230415	CH		
ac	Achats	0	20230415	44566000	ETAT TVA SUR AUTRES BIENS ET SERVICES			BL813	20230415	BEAUGRAIN FAC-20230415-06428	8,18	0,00						20230415	CH		
ac	Achats	0	20230417	40100000	FOURNISSEURS	FBEAUGRA	BEAUGRAIN	BL813	20230417	BEAUGRAIN FAC-20230417-06479	0,00	186,37						20230417	CH		
ac	Achats	0	20230417	60100000	ACHATS MATIERES PREMIERES			BL813	20230417	BEAUGRAIN FAC-20230417-06479	176,65	0,00						20230417	CH		
ac	Achats	0	20230417	44566000	ETAT TVA SUR AUTRES BIENS ET SERVICES			BL813	20230417	BEAUGRAIN FAC-20230417-06479	9,72	0,00						20230417	CH		
ac	Achats	0	20230418	40100000	FOURNISSEURS	FBEAUGRA	BEAUGRAIN	BL813	20230418	BEAUGRAIN FAC-20230418-06569	0,00	324,31						20230418	CH		
ac	Achats	0	20230418	60100000	ACHATS MATIERES PREMIERES			BL813	20230418	BEAUGRAIN FAC-20230418-06569	307,40	0,00						20230418	CH		
ac	Achats	0	20230418	44566000	ETAT TVA SUR AUTRES BIENS ET SERVICES			BL813	20230418	BEAUGRAIN FAC-20230418-06569	16,91	0,00						20230418	CH		
ac	Achats	0	20230422	40100000	FOURNISSEURS	FBEAUGRA	BEAUGRAIN	BL813	20230422	BEAUGRAIN FAC-20230422-06840	0,00	402,92						20230422	CH		
ac	Achats	0	20230422	60100000	ACHATS MATIERES PREMIERES			BL813	20230422	BEAUGRAIN FAC-20230422-06840	381,91	0,00						20230422	CH		
ac	Achats	0	20230422	44566000	ETAT TVA SUR AUTRES BIENS ET SERVICES			BL813	20230422	BEAUGRAIN FAC-20230422-06840	21,01	0,00						20230422	CH		
ac	Achats	0	20230427	40100000	FOURNISSEURS	FBEAUGRA	BEAUGRAIN	BL813	20230427	BEAUGRAIN FAC-20230427-07126	0,00	338,60						20230427	CH		
ac	Achats	0	20230427	60100000	ACHATS MATIERES PREMIERES			BL813	20230427	BEAUGRAIN FAC-20230427-07126	320,95	0,00						20230427	CH		
ac	Achats	0	20230427	44566000	ETAT TVA SUR AUTRES BIENS ET SERVICES			BL813	20230427	BEAUGRAIN FAC-20230427-07126	17,65	0,00						20230427	CH		
ac	Achats	0	20230429	40100000	FOURNISSEURS	FBEAUGRA	BEAUGRAIN	BL813	20230429	BEAUGRAIN FAC-20230429-07296	0,00	476,41						20230429	CH		
ac	Achats	0	20230429	60100000	ACHATS MATIERES PREMIERES			BL813	20230429	BEAUGRAIN FAC-20230429-07296	451,57	0,00						20230429	CH		
ac	Achats	0	20230429	44566000	ETAT TVA SUR AUTRES BIENS ET SERVICES			BL813	20230429	BEAUGRAIN FAC-20230429-07296	24,84	0,00						20230429	CH		
ac	Achats	0	20230407	40100000	FOURNISSEURS	FBEAUGRA	BEAUGRAIN	BL956	20230407	BEAUGRAIN FAC-20230407-05970	0,00	256,61						20230407	CH		
ac	Achats	0	20230407	60100000	ACHATS MATIERES PREMIERES			BL956	20230407	BEAUGRAIN FAC-20230407-05970	243,23	0,00						20230407	CH		
ac	Achats	0	20230407	44566000	ETAT TVA SUR AUTRES BIENS ET SERVICES			BL956	20230407	BEAUGRAIN FAC-20230407-05970	13,38	0,00						20230407	CH		
ac	Achats	0	20230408	40100000	FOURNISSEURS	FBEAUGRA	BEAUGRAIN	BL956	20230408	BEAUGRAIN FAC-20230408-05983	0,00	28,97						20230408	CH		
ac	Achats	0	20230408	60100000	ACHATS MATIERES PREMIERES			BL956	20230408	BEAUGRAIN FAC-20230408-05983	27,46	0,00						20230408	CH		
ac	Achats	0	20230408	44566000	ETAT TVA SUR AUTRES BIENS ET SERVICES			BL956	20230408	BEAUGRAIN FAC-20230408-05983	1,51	0,00						20230408	CH		
ac	Achats	0	20230418	40100000	FOURNISSEURS	FBEAUGRA	BEAUGRAIN	BL956	20230418	BEAUGRAIN FAC-20230418-06546	0,00	130,56						20230418	CH		
ac	Achats	0	20230418	60100000	ACHATS MATIERES PREMIERES			BL956	20230418	BEAUGRAIN FAC-20230418-06546	123,75	0,00						20230418	CH		
ac	Achats	0	20230418	44566000	ETAT TVA SUR AUTRES BIENS ET SERVICES			BL956	20230418	BEAUGRAIN FAC-20230418-06546	6,81	0,00						20230418	CH		
ac	Achats	0	20230420	40100000	FOURNISSEURS	FBEAUGRA	BEAUGRAIN	BL956	20230420	BEAUGRAIN FAC-20230420-06720	0,00	165,56						20230420	CH		
ac	Achats	0	20230420	60100000	ACHATS MATIERES PREMIERES			BL956	20230420	BEAUGRAIN FAC-20230420-06720	156,93	0,00						20230420	CH		
ac	Achats	0	20230420	44566000	ETAT TVA SUR AUTRES BIENS ET SERVICES			BL956	20230420	BEAUGRAIN FAC-20230420-06720	8,63	0,00						20230420	CH		
ac	Achats	0	20230424	40100000	FOURNISSEURS	FBEAUGRA	BEAUGRAIN	BL956	20230424	BEAUGRAIN FAC-20230424-06903	0,00	189,81						20230424	CH		
ac	Achats	0	20230424	60100000	ACHATS MATIERES PREMIERES			BL956	20230424	BEAUGRAIN FAC-20230424-06903	179,91	0,00						20230424	CH		
ac	Achats	0	20230424	44566000	ETAT TVA SUR AUTRES BIENS ET SERVICES			BL956	20230424	BEAUGRAIN FAC-20230424-06903	9,90	0,00						20230424	CH		
ac	Achats	0	20230426	40100000	FOURNISSEURS	FBEAUGRA	BEAUGRAIN	BL956	20230426	BEAUGRAIN FAC-20230426-07067	0,00	70,58						20230426	CH		
ac	Achats	0	20230426	60100000	ACHATS MATIERES PREMIERES			BL956	20230426	BEAUGRAIN FAC-20230426-07067	66,90	0,00						20230426	CH		
ac	Achats	0	20230426	44566000	ETAT TVA SUR AUTRES BIENS ET SERVICES			BL956	20230426	BEAUGRAIN FAC-20230426-07067	3,68	0,00						20230426	CH		
ac	Achats	0	20230424	45500000	C/C TORRE GIUSEPPE			04/01	20230424	ALL OVER THE WORLD	0,00	60,06						20230424	CH		
ac	Achats	0	20230424	60630000	ACHATS FOURN.ENTRET.PETIT EQUIPEMENT			04/01	20230424	ALL OVER THE WORLD	50,05	0,00						20230424	CH		
ac	Achats	0	20230424	44566000	ETAT TVA SUR AUTRES BIENS ET SERVICES			04/01	20230424	ALL OVER THE WORLD	10,01	0,00						20230424	CH		
ac	Achats	0	20230426	40100000	FOURNISSEURS	FVERRERI	VERRERIE DES HALLES	04/02	20230426	VERRERIE DES HALLES 23040778	0,00	45,72						20230426	CH		
ac	Achats	0	20230426	60630000	ACHATS FOURN.ENTRET.PETIT EQUIPEMENT			04/02	20230426	VERRERIE DES HALLES 23040778	38,10	0,00						20230426	CH		
ac	Achats	0	20230426	44566000	ETAT TVA SUR AUTRES BIENS ET SERVICES			04/02	20230426	VERRERIE DES HALLES 23040778	7,62	0,00						20230426	CH		
ac	Achats	0	20230406	45500000	C/C TORRE GIUSEPPE			04/03	20230406	MAISON FLEURUS	0,00	57,00						20230406	CH		
ac	Achats	0	20230406	60630000	ACHATS FOURN.ENTRET.PETIT EQUIPEMENT			04/03	20230406	MAISON FLEURUS	51,82	0,00						20230406	CH		
ac	Achats	0	20230406	44566000	ETAT TVA SUR AUTRES BIENS ET SERVICES			04/03	20230406	MAISON FLEURUS	5,18	0,00						20230406	CH		
ac	Achats	0	20230412	45500000	C/C TORRE GIUSEPPE			04/04	20230412	BOULANGERIE DE RENNES	0,00	159,99						20230412	CH		
ac	Achats	0	20230412	60100000	ACHATS MATIERES PREMIERES			04/04	20230412	BOULANGERIE DE RENNES	133,33	0,00						20230412	CH		
ac	Achats	0	20230412	44566000	ETAT TVA SUR AUTRES BIENS ET SERVICES			04/04	20230412	BOULANGERIE DE RENNES	26,66	0,00						20230412	CH		
ac	Achats	0	20230407	40100000	FOURNISSEURS	FDIVERS	DIVERS	04/05	20230407	VERGERS SAINT PAUL ESP	0,00	1,50	AB	20230407				20230407	CH		
ac	Achats	0	20230407	60100000	ACHATS MATIERES PREMIERES			04/05	20230407	VERGERS SAINT PAUL	1,42	0,00						20230407	CH		
ac	Achats	0	20230407	44566000	ETAT TVA SUR AUTRES BIENS ET SERVICES			04/05	20230407	VERGERS SAINT PAUL	0,08	0,00						20230407	CH		
ac	Achats	0	20230414	40100000	FOURNISSEURS	FDIVERS	DIVERS	04/06	20230414	FRANPRIX ESP	0,00	8,40	AC	20230414				20230414	CH		
ac	Achats	0	20230414	60630000	ACHATS FOURN.ENTRET.PETIT EQUIPEMENT			04/06	20230414	FRANPRIX	8,40	0,00						20230414	CH		
ac	Achats	0	20230415	40100000	FOURNISSEURS	FDIVERS	DIVERS	04/07	20230415	FRANPRIX ESP	0,00	4,60	AD	20230415				20230415	CH		
ac	Achats	0	20230415	60100000	ACHATS MATIERES PREMIERES			04/07	20230415	FRANPRIX	4,60	0,00						20230415	CH		
ac	Achats	0	20230414	40100000	FOURNISSEURS	FVERGER	VERGER ST PAUL	04/08	20230414	VERGERS SAINT PAUL ESP	0,00	1,50	E	20230414				20230414	CH		
ac	Achats	0	20230414	60100000	ACHATS MATIERES PREMIERES			04/08	20230414	VERGERS SAINT PAUL	1,42	0,00						20230414	CH		
ac	Achats	0	20230414	44566000	ETAT TVA SUR AUTRES BIENS ET SERVICES			04/08	20230414	VERGERS SAINT PAUL	0,08	0,00						20230414	CH		
ac	Achats	0	20230415	40100000	FOURNISSEURS	FVERGER	VERGER ST PAUL	04/09	20230415	VERGER ST PAUL ESP	0,00	1,00	G	20230415				20230415	CH		
ac	Achats	0	20230415	60100000	ACHATS MATIERES PREMIERES			04/09	20230415	VERGER ST PAUL	0,95	0,00						20230415	CH		
ac	Achats	0	20230415	44566000	ETAT TVA SUR AUTRES BIENS ET SERVICES			04/09	20230415	VERGER ST PAUL	0,05	0,00						20230415	CH		
ac	Achats	0	20230407	45500000	C/C TORRE GIUSEPPE			04/10	20230407	KUMA 	0,00	28,00						20230407	CH		
ac	Achats	0	20230407	60630000	ACHATS FOURN.ENTRET.PETIT EQUIPEMENT			04/10	20230407	KUMA	25,45	0,00						20230407	CH		
ac	Achats	0	20230407	44566000	ETAT TVA SUR AUTRES BIENS ET SERVICES			04/10	20230407	KUMA	2,55	0,00						20230407	CH		
ac	Achats	0	20230407	40100000	FOURNISSEURS	FDIVERS	DIVERS	04/11	20230407	LA CORDONNERIE CLE MINUTE	0,00	48,00	AF	20230407				20230407	CH		
ac	Achats	0	20230407	60630000	ACHATS FOURN.ENTRET.PETIT EQUIPEMENT			04/11	20230407	LA CORDONNERIE CLE MINUTE	40,00	0,00						20230407	CH		
ac	Achats	0	20230407	44566000	ETAT TVA SUR AUTRES BIENS ET SERVICES			04/11	20230407	LA CORDONNERIE CLE MINUTE	8,00	0,00						20230407	CH		
ac	Achats	0	20230408	40100000	FOURNISSEURS	FDIVERS	DIVERS	04/12	20230408	LE GLACIERE DE PARIS	0,00	20,00	AI	20230408				20230408	CH		
ac	Achats	0	20230408	60630000	ACHATS FOURN.ENTRET.PETIT EQUIPEMENT			04/12	20230408	LE GLACIERE DE PARIS	18,18	0,00						20230408	CH		
ac	Achats	0	20230408	44566000	ETAT TVA SUR AUTRES BIENS ET SERVICES			04/12	20230408	LE GLACIERE DE PARIS	1,82	0,00						20230408	CH		
ac	Achats	0	20230422	40100000	FOURNISSEURS	FDIVERS	DIVERS	04/13	20230422	HALLES 3000 ESP	0,00	32,52	AE	20230422				20230422	CH		
ac	Achats	0	20230422	60100000	ACHATS MATIERES PREMIERES			04/13	20230422	HALLES 3000	32,22	0,00						20230422	CH		
ac	Achats	0	20230422	44566000	ETAT TVA SUR AUTRES BIENS ET SERVICES			04/13	20230422	HALLES 3000	0,30	0,00						20230422	CH		
ac	Achats	0	20230409	45500000	C/C TORRE GIUSEPPE			04/14	20230409	HEMA ESP	0,00	5,79						20230409	CH		
ac	Achats	0	20230409	60630000	ACHATS FOURN.ENTRET.PETIT EQUIPEMENT			04/14	20230409	HEMA	4,82	0,00						20230409	CH		
ac	Achats	0	20230409	44566000	ETAT TVA SUR AUTRES BIENS ET SERVICES			04/14	20230409	HEMA	0,97	0,00						20230409	CH		
ac	Achats	0	20230413	40100000	FOURNISSEURS	FDIVERS	DIVERS	04/15	20230413	LA GLACIERE DE PARIS 25	0,00	40,00	BM	20230421				20230413	CH		
ac	Achats	0	20230413	60630000	ACHATS FOURN.ENTRET.PETIT EQUIPEMENT			04/15	20230413	LA GLACIERE DE PARIS 25	36,36	0,00						20230413	CH		
ac	Achats	0	20230413	44566000	ETAT TVA SUR AUTRES BIENS ET SERVICES			04/15	20230413	LA GLACIERE DE PARIS 25	3,64	0,00						20230413	CH		
ac	Achats	0	20230409	40100000	FOURNISSEURS	FDIVERS	DIVERS	04/16	20230409	SUPERMARCHE ESP	0,00	12,55	AG	20230409				20230409	CH		
ac	Achats	0	20230409	60100000	ACHATS MATIERES PREMIERES			04/16	20230409	SUPERMARCHE	11,90	0,00						20230409	CH		
ac	Achats	0	20230409	44566000	ETAT TVA SUR AUTRES BIENS ET SERVICES			04/16	20230409	SUPERMARCHE	0,65	0,00						20230409	CH		
ac	Achats	0	20230420	45500000	C/C TORRE GIUSEPPE			04/17	20230420	UNILOQLO	0,00	40,10						20230420	CH		
ac	Achats	0	20230420	60630000	ACHATS FOURN.ENTRET.PETIT EQUIPEMENT			04/17	20230420	UNILOQLO	33,42	0,00						20230420	CH		
ac	Achats	0	20230420	44566000	ETAT TVA SUR AUTRES BIENS ET SERVICES			04/17	20230420	UNILOQLO	6,68	0,00						20230420	CH		
ac	Achats	0	20230418	40100000	FOURNISSEURS	FDIVERS	DIVERS	04/18	20230418	ACTION ESP	0,00	7,44	AH	20230418				20230418	CH		
ac	Achats	0	20230418	60630000	ACHATS FOURN.ENTRET.PETIT EQUIPEMENT			04/18	20230418	ACTION	6,20	0,00						20230418	CH		
ac	Achats	0	20230418	44566000	ETAT TVA SUR AUTRES BIENS ET SERVICES			04/18	20230418	ACTION	1,24	0,00						20230418	CH		
ac	Achats	0	20230405	40100000	FOURNISSEURS	FDIVERS	DIVERS	04/19	20230405	LA GLACIERE DE PARIS 39 ESP	0,00	20,00	BK	20230405				20230405	CH		
ac	Achats	0	20230405	60630000	ACHATS FOURN.ENTRET.PETIT EQUIPEMENT			04/19	20230405	LA GLACIERE DE PARIS 39	18,18	0,00						20230405	CH		
ac	Achats	0	20230405	44566000	ETAT TVA SUR AUTRES BIENS ET SERVICES			04/19	20230405	LA GLACIERE DE PARIS 39	1,82	0,00						20230405	CH		
ac	Achats	0	20230405	45500000	C/C TORRE GIUSEPPE			04/20	20230405	JD FRANCE	0,00	30,00						20230405	CH		
ac	Achats	0	20230405	60630000	ACHATS FOURN.ENTRET.PETIT EQUIPEMENT			04/20	20230405	JD FRANCE	25,00	0,00						20230405	CH		
ac	Achats	0	20230405	44566000	ETAT TVA SUR AUTRES BIENS ET SERVICES			04/20	20230405	JD FRANCE	5,00	0,00						20230405	CH		
ac	Achats	0	20230406	40100000	FOURNISSEURS	FDIVERS	DIVERS	04/21	20230406	EATALY ESP	0,00	3,70	AK	20230406				20230406	CH		
ac	Achats	0	20230406	60100000	ACHATS MATIERES PREMIERES			04/21	20230406	EATALY	3,51	0,00						20230406	CH		
ac	Achats	0	20230406	44566000	ETAT TVA SUR AUTRES BIENS ET SERVICES			04/21	20230406	EATALY	0,19	0,00						20230406	CH		
ac	Achats	0	20230402	45500000	C/C TORRE GIUSEPPE			04/22	20230402	SUPERMARCHE	0,00	7,58						20230402	CH		
ac	Achats	0	20230402	60630000	ACHATS FOURN.ENTRET.PETIT EQUIPEMENT			04/22	20230402	SUPERMARCHE	7,18	0,00						20230402	CH		
ac	Achats	0	20230402	44566000	ETAT TVA SUR AUTRES BIENS ET SERVICES			04/22	20230402	SUPERMARCHE	0,40	0,00						20230402	CH		
ac	Achats	0	20230402	40100000	FOURNISSEURS	FDIVERS	DIVERS	04/23	20230402	PARIS STAR ESP	0,00	2,70	AJ	20230402				20230402	CH		
ac	Achats	0	20230402	60100000	ACHATS MATIERES PREMIERES			04/23	20230402	PARIS STAR	2,56	0,00						20230402	CH		
ac	Achats	0	20230402	44566000	ETAT TVA SUR AUTRES BIENS ET SERVICES			04/23	20230402	PARIS STAR	0,14	0,00						20230402	CH		
ac	Achats	0	20230401	40100000	FOURNISSEURS	FVERGER	VERGER ST PAUL	04/24	20230401	VERGER ST PAUL ESP	0,00	2,98	F	20230404				20230401	CH		
ac	Achats	0	20230401	60100000	ACHATS MATIERES PREMIERES			04/24	20230401	VERGER ST PAUL	2,82	0,00						20230401	CH		
ac	Achats	0	20230401	44566000	ETAT TVA SUR AUTRES BIENS ET SERVICES			04/24	20230401	VERGER ST PAUL	0,16	0,00						20230401	CH		
ac	Achats	0	20230404	40100000	FOURNISSEURS	FVERGER	VERGER ST PAUL	04/25	20230404	VERGER ST PAUL ESP	0,00	2,50	H	20230404				20230404	CH		
ac	Achats	0	20230404	60100000	ACHATS MATIERES PREMIERES			04/25	20230404	VERGER ST PAUL	2,37	0,00						20230404	CH		
ac	Achats	0	20230404	44566000	ETAT TVA SUR AUTRES BIENS ET SERVICES			04/25	20230404	VERGER ST PAUL	0,13	0,00						20230404	CH		
ac	Achats	0	20230415	40100000	FOURNISSEURS	FDIVERS	DIVERS	04/26	20230415	SUPERMARCHE ESP	0,00	8,73	AL	20230415				20230415	CH		
ac	Achats	0	20230415	60100000	ACHATS MATIERES PREMIERES			04/26	20230415	SUPERMARCHE	8,26	0,00						20230415	CH		
ac	Achats	0	20230415	44566000	ETAT TVA SUR AUTRES BIENS ET SERVICES			04/26	20230415	SUPERMARCHE	0,47	0,00						20230415	CH		
ac	Achats	0	20230406	45500000	C/C TORRE GIUSEPPE			04/27	20230406	CITY 	0,00	31,62						20230406	CH		
ac	Achats	0	20230406	60100000	ACHATS MATIERES PREMIERES			04/27	20230406	CITY	29,97	0,00						20230406	CH		
ac	Achats	0	20230406	44566000	ETAT TVA SUR AUTRES BIENS ET SERVICES			04/27	20230406	CITY	1,65	0,00						20230406	CH		
ac	Achats	0	20230415	40100000	FOURNISSEURS	FDIVERS	DIVERS	04/28	20230415	EXOLA DIST ESP	0,00	2,20	AM	20230415				20230415	CH		
ac	Achats	0	20230415	60100000	ACHATS MATIERES PREMIERES			04/28	20230415	EXOLA DIST	2,20	0,00						20230415	CH		
ac	Achats	0	20230408	40100000	FOURNISSEURS	FDIVERS	DIVERS	04/29	20230408	SUPERMARCHE ESP	0,00	18,54	AN	20230408				20230408	CH		
ac	Achats	0	20230408	60700000	ACHATS DE MARCHANDISES			04/29	20230408	SUPERMARCHE	15,66	0,00						20230408	CH		
ac	Achats	0	20230408	44566000	ETAT TVA SUR AUTRES BIENS ET SERVICES			04/29	20230408	SUPERMARCHE	2,88	0,00						20230408	CH		
ac	Achats	0	20230421	40100000	FOURNISSEURS	FDIVERS	DIVERS	04/30	20230421	FRANPRIX ESP	0,00	60,90	AO	20230421				20230421	CH		
ac	Achats	0	20230421	60700000	ACHATS DE MARCHANDISES			04/30	20230421	FRANPRIX	52,38	0,00						20230421	CH		
ac	Achats	0	20230421	44566000	ETAT TVA SUR AUTRES BIENS ET SERVICES			04/30	20230421	FRANPRIX	8,52	0,00						20230421	CH		
ac	Achats	0	20230421	40100000	FOURNISSEURS	FDIVERS	DIVERS	04/31	20230421	BOULANGERIE PATISSSERIE ESP	0,00	38,00	BL	20230421				20230421	CH		
ac	Achats	0	20230421	60100000	ACHATS MATIERES PREMIERES			04/31	20230421	BOULANGERIE PATISSSERIE	36,02	0,00						20230421	CH		
ac	Achats	0	20230421	44566000	ETAT TVA SUR AUTRES BIENS ET SERVICES			04/31	20230421	BOULANGERIE PATISSSERIE	1,98	0,00						20230421	CH		
ac	Achats	0	20230421	40100000	FOURNISSEURS	FDIVERS	DIVERS	04/32	20230421	HALLES 3000 ESP	0,00	12,14	AP	20230421				20230421	CH		
ac	Achats	0	20230421	60100000	ACHATS MATIERES PREMIERES			04/32	20230421	HALLES 3000	11,51	0,00						20230421	CH		
ac	Achats	0	20230421	44566000	ETAT TVA SUR AUTRES BIENS ET SERVICES			04/32	20230421	HALLES 3000	0,63	0,00						20230421	CH		
ac	Achats	0	20230421	45500000	C/C TORRE GIUSEPPE			04/33	20230421	TAXIS	0,00	27,00						20230421	CH		
ac	Achats	0	20230421	62510000	VOYAGES ET DEPLACEMENTS			04/33	20230421	TAXIS	27,00	0,00						20230421	CH		
ac	Achats	0	20230412	45500000	C/C TORRE GIUSEPPE			04/34	20230412	PICK CLOPS	0,00	10,20						20230412	CH		
ac	Achats	0	20230412	60100000	ACHATS MATIERES PREMIERES			04/34	20230412	PICK CLOPS	8,91	0,00						20230412	CH		
ac	Achats	0	20230412	44566000	ETAT TVA SUR AUTRES BIENS ET SERVICES			04/34	20230412	PICK CLOPS	1,29	0,00						20230412	CH		
ac	Achats	0	20230412	45500000	C/C TORRE GIUSEPPE			04/35	20230412	LA GLACIERE DE PARIS 34	0,00	20,00						20230412	CH		
ac	Achats	0	20230412	60630000	ACHATS FOURN.ENTRET.PETIT EQUIPEMENT			04/35	20230412	LA GLACIERE DE PARIS 34	20,00	0,00						20230412	CH		
ac	Achats	0	20230416	45500000	C/C TORRE GIUSEPPE			04/36	20230416	SUPERMARCHE	0,00	9,96						20230416	CH		
ac	Achats	0	20230416	60100000	ACHATS MATIERES PREMIERES			04/36	20230416	SUPERMARCHE	9,44	0,00						20230416	CH		
ac	Achats	0	20230416	44566000	ETAT TVA SUR AUTRES BIENS ET SERVICES			04/36	20230416	SUPERMARCHE	0,52	0,00						20230416	CH		
ac	Achats	0	20230416	45500000	C/C TORRE GIUSEPPE			04/37	20230416	EATALY	0,00	48,93						20230416	CH		
ac	Achats	0	20230416	60100000	ACHATS MATIERES PREMIERES			04/37	20230416	EATALY	46,36	0,00						20230416	CH		
ac	Achats	0	20230416	44566000	ETAT TVA SUR AUTRES BIENS ET SERVICES			04/37	20230416	EATALY	2,57	0,00						20230416	CH		
ac	Achats	0	20230416	40100000	FOURNISSEURS	FDIVERS	DIVERS	04/38	20230416	LA GLACIERE DE PARIS 33	0,00	20,00	AQ	20230421				20230416	CH		
ac	Achats	0	20230416	60630000	ACHATS FOURN.ENTRET.PETIT EQUIPEMENT			04/38	20230416	LA GLACIERE DE PARIS 33	16,67	0,00						20230416	CH		
ac	Achats	0	20230416	44566000	ETAT TVA SUR AUTRES BIENS ET SERVICES			04/38	20230416	LA GLACIERE DE PARIS 33	3,33	0,00						20230416	CH		
ac	Achats	0	20230420	40100000	FOURNISSEURS	FDIVERS	DIVERS	04/39	20230420	HALLES 3000	0,00	13,64	AS	20230420				20230420	CH		
ac	Achats	0	20230420	60100000	ACHATS MATIERES PREMIERES			04/39	20230420	HALLES 3000	13,37	0,00						20230420	CH		
ac	Achats	0	20230420	44566000	ETAT TVA SUR AUTRES BIENS ET SERVICES			04/39	20230420	HALLES 3000	0,27	0,00						20230420	CH		
ac	Achats	0	20230419	45500000	C/C TORRE GIUSEPPE			04/40	20230419	HEMA	0,00	25,50						20230419	CH		
ac	Achats	0	20230419	60630000	ACHATS FOURN.ENTRET.PETIT EQUIPEMENT			04/40	20230419	HEMA	21,25	0,00						20230419	CH		
ac	Achats	0	20230419	44566000	ETAT TVA SUR AUTRES BIENS ET SERVICES			04/40	20230419	HEMA	4,25	0,00						20230419	CH		
ac	Achats	0	20230419	45500000	C/C TORRE GIUSEPPE			04/41	20230419	CITY	0,00	19,01						20230419	CH		
ac	Achats	0	20230419	60700000	ACHATS DE MARCHANDISES			04/41	20230419	CITY	18,02	0,00						20230419	CH		
ac	Achats	0	20230419	44566000	ETAT TVA SUR AUTRES BIENS ET SERVICES			04/41	20230419	CITY	0,99	0,00						20230419	CH		
ac	Achats	0	20230411	40100000	FOURNISSEURS	FDIVERS	DIVERS	04/42	20230411	LE HOMARD PARISIEN ESP	0,00	21,32	AR	20230411				20230411	CH		
ac	Achats	0	20230411	60100000	ACHATS MATIERES PREMIERES			04/42	20230411	LE HOMARD PARISIEN	20,21	0,00						20230411	CH		
ac	Achats	0	20230411	44566000	ETAT TVA SUR AUTRES BIENS ET SERVICES			04/42	20230411	LE HOMARD PARISIEN	1,11	0,00						20230411	CH		
ac	Achats	0	20230416	40100000	FOURNISSEURS	FVERGER	VERGER ST PAUL	04/43	20230416	VERGER ST PAUL ESP	0,00	12,77	I	20230416				20230416	CH		
ac	Achats	0	20230416	60100000	ACHATS MATIERES PREMIERES			04/43	20230416	VERGER ST PAUL	12,10	0,00						20230416	CH		
ac	Achats	0	20230416	44566000	ETAT TVA SUR AUTRES BIENS ET SERVICES			04/43	20230416	VERGER ST PAUL	0,67	0,00						20230416	CH		
ac	Achats	0	20230415	45500000	C/C TORRE GIUSEPPE			04/44	20230415	CITY	0,00	37,24						20230415	CH		
ac	Achats	0	20230415	60630000	ACHATS FOURN.ENTRET.PETIT EQUIPEMENT			04/44	20230415	CITY	34,18	0,00						20230415	CH		
ac	Achats	0	20230415	44566000	ETAT TVA SUR AUTRES BIENS ET SERVICES			04/44	20230415	CITY	3,06	0,00						20230415	CH		
ac	Achats	0	20230411	45500000	C/C TORRE GIUSEPPE			04/45	20230411	DUTHILLEUL ET MINART	0,00	28,00						20230411	CH		
ac	Achats	0	20230411	60630000	ACHATS FOURN.ENTRET.PETIT EQUIPEMENT			04/45	20230411	DUTHILLEUL ET MINART	23,33	0,00						20230411	CH		
ac	Achats	0	20230411	44566000	ETAT TVA SUR AUTRES BIENS ET SERVICES			04/45	20230411	DUTHILLEUL ET MINART	4,67	0,00						20230411	CH		
ac	Achats	0	20230406	45500000	C/C TORRE GIUSEPPE			04/46	20230406	CAMARA	0,00	22,66						20230406	CH		
ac	Achats	0	20230406	60100000	ACHATS MATIERES PREMIERES			04/46	20230406	CAMARA	21,26	0,00						20230406	CH		
ac	Achats	0	20230406	44566000	ETAT TVA SUR AUTRES BIENS ET SERVICES			04/46	20230406	CAMARA	1,40	0,00						20230406	CH		
ac	Achats	0	20230406	45500000	C/C TORRE GIUSEPPE			04/47	20230406	CITY	0,00	13,35						20230406	CH		
ac	Achats	0	20230406	60630000	ACHATS FOURN.ENTRET.PETIT EQUIPEMENT			04/47	20230406	CITY	11,10	0,00						20230406	CH		
ac	Achats	0	20230406	44566000	ETAT TVA SUR AUTRES BIENS ET SERVICES			04/47	20230406	CITY	2,25	0,00						20230406	CH		
ac	Achats	0	20230420	40100000	FOURNISSEURS	FDIVERS	DIVERS	04/48	20230420	HEMA ESP	0,00	1,75	AT	20230420				20230420	CH		
ac	Achats	0	20230420	60630000	ACHATS FOURN.ENTRET.PETIT EQUIPEMENT			04/48	20230420	HEMA	1,46	0,00						20230420	CH		
ac	Achats	0	20230420	44566000	ETAT TVA SUR AUTRES BIENS ET SERVICES			04/48	20230420	HEMA	0,29	0,00						20230420	CH		
ac	Achats	0	20230423	40100000	FOURNISSEURS	FDIVERS	DIVERS	04/49	20230423	BADOU ESP	0,00	9,75	AV	20230423				20230423	CH		
ac	Achats	0	20230423	60630000	ACHATS FOURN.ENTRET.PETIT EQUIPEMENT			04/49	20230423	BADOU	9,75	0,00						20230423	CH		
ac	Achats	0	20230405	40100000	FOURNISSEURS	FCHOMET	CHOMETTE FAVOR	FNP	20230405	CHOMETTE FAVOR	0,00	721,78	A	20230405				20230405	CH		
ac	Achats	0	20230405	60630000	ACHATS FOURN.ENTRET.PETIT EQUIPEMENT			FNP	20230405	CHOMETTE FAVOR	601,48	0,00						20230405	CH		
ac	Achats	0	20230405	44566000	ETAT TVA SUR AUTRES BIENS ET SERVICES			FNP	20230405	CHOMETTE FAVOR	120,30	0,00						20230405	CH		
ac	Achats	0	20230405	40100000	FOURNISSEURS	FSARDA	SARDA AFFUMICATI	FNP	20230405	SARDA AFFUMICATI	0,00	1123,74	A	20230405				20230405	CH		
ac	Achats	0	20230405	44521000	TVA COLLECTEE INTRACOM 10%			FNP	20230405	SARDA AFFUMICATI	0,00	112,37						20230405	CH		
ac	Achats	0	20230405	44566100	TVA INTRACOM DED 10%			FNP	20230405	SARDA AFFUMICATI	112,37	0,00						20230405	CH		
ac	Achats	0	20230405	60191000	HA MAT INTRACOM 10%			FNP	20230405	SARDA AFFUMICATI	1123,74	0,00						20230405	CH		
ve	Ventes	0	20230430	41100000	CLIENTS	CCB	RECETTE CB	04/2023	20230430	RECETTE CB 04/2023	33195,50	0,00						20230430	CH		
ve	Ventes	0	20230430	41100000	CLIENTS	CESP	RECETTE ESPECES	04/2023	20230430	RECETTE ESP 04/2023	5038,00	0,00						20230430	CH		
ve	Ventes	0	20230430	41100000	CLIENTS	CCHQ	RECETTE CHQ	04/2023	20230430	RECETTE CHQ 04/2023	346,50	0,00						20230430	CH		
ve	Ventes	0	20230430	70101000	VENTES PF 20%			04/2023	20230430	VENTES PF 20% 04/2023	0,00	8670,19						20230430	CH		
ve	Ventes	0	20230430	44571190	TVA COLLECTEE 20%			04/2023	20230430	TVA COLLECTEE 20% 04/2023	0,00	1734,04						20230430	CH		
ve	Ventes	0	20230430	70101100	VENTES PF 10%			04/2023	20230430	VENTES PF 10% 04/2023	0,00	25614,34						20230430	CH		
ve	Ventes	0	20230430	44571010	TVA COLLECTEE 10%			04/2023	20230430	TVA COLLECTEE 10% 04/2023	0,00	2561,43						20230430	CH		
bq	Banque BNP	0	20230403	41100000	CLIENTS	CCB	RECETTE CB	REM CB	20230403	RECETTE CB	0,00	1067,58						20230403	CH		
bq	Banque BNP	0	20230403	51210000	BANQUE BNP PARIBAS			REM CB	20230403	RECETTE CB	1067,58	0,00						20230403	CH		
bq	Banque BNP	0	20230403	41100000	CLIENTS	CCB	RECETTE CB	REM CB	20230403	RECETTE CB	0,00	1076,99						20230403	CH		
bq	Banque BNP	0	20230403	51210000	BANQUE BNP PARIBAS			REM CB	20230403	RECETTE CB	1076,99	0,00						20230403	CH		
bq	Banque BNP	0	20230403	41100000	CLIENTS	CCB	RECETTE CB	REM CB	20230403	RECETTE CB	0,00	2544,68						20230403	CH		
bq	Banque BNP	0	20230403	51210000	BANQUE BNP PARIBAS			REM CB	20230403	RECETTE CB	2544,68	0,00						20230403	CH		
bq	Banque BNP	0	20230404	62700000	SERVICES BANCAIRES ET ASSIMILES			PRLV	20230404	COMMISSIONS	32,80	0,00						20230404	CH		
bq	Banque BNP	0	20230404	51210000	BANQUE BNP PARIBAS			PRLV	20230404	COMMISSIONS	0,00	32,80						20230404	CH		
bq	Banque BNP	0	20230405	41100000	CLIENTS	CCB	RECETTE CB	REM CB	20230405	RECETTE CB	0,00	1097,56						20230405	CH		
bq	Banque BNP	0	20230405	51210000	BANQUE BNP PARIBAS			REM CB	20230405	RECETTE CB	1097,56	0,00						20230405	CH		
bq	Banque BNP	0	20230405	40100000	FOURNISSEURS	FORANGE	ORANGE	PRLV	20230405	ORANGE	62,40	0,00						20230405	CH		
bq	Banque BNP	0	20230405	51210000	BANQUE BNP PARIBAS			PRLV	20230405	ORANGE	0,00	62,40						20230405	CH		
bq	Banque BNP	0	20230405	40100000	FOURNISSEURS	FENGIE	ENGIE	PRLV	20230405	ENGIE	71,03	0,00	A	20230630				20230405	CH		
bq	Banque BNP	0	20230405	51210000	BANQUE BNP PARIBAS			PRLV	20230405	ENGIE	0,00	71,03						20230405	CH		
bq	Banque BNP	0	20230405	40100000	FOURNISSEURS	FCHOMET	CHOMETTE FAVOR	VIR	20230405	CHOMETTE FAVOR DEC/JANV	721,78	0,00	A	20230405				20230405	CH		
bq	Banque BNP	0	20230405	51210000	BANQUE BNP PARIBAS			VIR	20230405	CHOMETTE FAVOR DEC/JANV	0,00	721,78						20230405	CH		
bq	Banque BNP	0	20230405	40100000	FOURNISSEURS	FSARDA	SARDA AFFUMICATI	VIR	20230405	SARDA AFFUMICATI 	1123,74	0,00	A	20230405				20230405	CH		
bq	Banque BNP	0	20230405	51210000	BANQUE BNP PARIBAS			VIR	20230405	SARDA AFFUMICATI 	0,00	1123,74						20230405	CH		
bq	Banque BNP	0	20230406	41100000	CLIENTS	CCB	RECETTE CB	REM CHQ	20230406	RECETTE CB	0,00	1040,71						20230406	CH		
bq	Banque BNP	0	20230406	51210000	BANQUE BNP PARIBAS			REM CHQ	20230406	RECETTE CB	1040,71	0,00						20230406	CH		
bq	Banque BNP	0	20230407	16420000	PGE 46000			PRLV	20230407	PGE 46000	997,98	0,00						20230407	CH		
bq	Banque BNP	0	20230407	51210000	BANQUE BNP PARIBAS			PRLV	20230407	PGE 46000	0,00	997,98						20230407	CH		
bq	Banque BNP	0	20230407	41100000	CLIENTS	CCB	RECETTE CB	REM CB	20230407	RECETTE CB	0,00	1011,27						20230407	CH		
bq	Banque BNP	0	20230407	51210000	BANQUE BNP PARIBAS			REM CB	20230407	RECETTE CB	1011,27	0,00						20230407	CH		
bq	Banque BNP	0	20230407	41100000	CLIENTS	CCB	RECETTE CB	REM CB	20230407	RECETTE CB	0,00	1783,58						20230407	CH		
bq	Banque BNP	0	20230407	51210000	BANQUE BNP PARIBAS			REM CB	20230407	RECETTE CB	1783,58	0,00						20230407	CH		
bq	Banque BNP	0	20230411	41100000	CLIENTS	CCB	RECETTE CB	REM CB	20230411	RECETTE CB	0,00	1303,51						20230411	CH		
bq	Banque BNP	0	20230411	51210000	BANQUE BNP PARIBAS			REM CB	20230411	RECETTE CB	1303,51	0,00						20230411	CH		
bq	Banque BNP	0	20230411	41100000	CLIENTS	CCB	RECETTE CB	REM CB	20230411	RECETTE CB	0,00	1693,30						20230411	CH		
bq	Banque BNP	0	20230411	51210000	BANQUE BNP PARIBAS			REM CB	20230411	RECETTE CB	1693,30	0,00						20230411	CH		
bq	Banque BNP	0	20230411	40100000	FOURNISSEURS	FVERRERI	VERRERIE DES HALLES	VIR	20230411	VERRERIE DES HALLES	629,45	0,00	A	20230411				20230411	CH		
bq	Banque BNP	0	20230411	51210000	BANQUE BNP PARIBAS			VIR	20230411	VERRERIE DES HALLES	0,00	629,45						20230411	CH		
bq	Banque BNP	0	20230411	42100000	PERS REMUNERATIONS DUES	SALEXAND	ALEXANDRE VARTOUKIAN	VIR	20230411	ALEXANDRE VARTOUKIAN mars	822,88	0,00	A	20230411				20230411	CH		
bq	Banque BNP	0	20230411	51210000	BANQUE BNP PARIBAS			VIR	20230411	ALEXANDRE VARTOUKIAN mars	0,00	822,88						20230411	CH		
bq	Banque BNP	0	20230411	40100000	FOURNISSEURS	FITFOOD	ITALIAN FOOD	VIR	20230411	ITALIAN FOOD FEVRIER	3813,83	0,00	C	20230630				20230411	CH		
bq	Banque BNP	0	20230411	51210000	BANQUE BNP PARIBAS			VIR	20230411	ITALIAN FOOD FEVRIER	0,00	3813,83						20230411	CH		
bq	Banque BNP	0	20230411	40100000	FOURNISSEURS	FEG	EG AUDIT	VIR	20230411	EG AUDIT	10286,24	0,00	A	20230411				20230411	CH		
bq	Banque BNP	0	20230411	51210000	BANQUE BNP PARIBAS			VIR	20230411	EG AUDIT	0,00	10286,24						20230411	CH		
bq	Banque BNP	0	20230411	41100000	CLIENTS	CCB	RECETTE CB	REM CB	20230411	RECETTE CB	0,00	747,12						20230411	CH		
bq	Banque BNP	0	20230411	51210000	BANQUE BNP PARIBAS			REM CB	20230411	RECETTE CB	747,12	0,00						20230411	CH		
bq	Banque BNP	0	20230413	41100000	CLIENTS	CCB	RECETTE CB	REM CB	20230413	RECETTE CB	0,00	1348,38						20230413	CH		
bq	Banque BNP	0	20230413	51210000	BANQUE BNP PARIBAS			REM CB	20230413	RECETTE CB	1348,38	0,00						20230413	CH		
bq	Banque BNP	0	20230414	62700000	SERVICES BANCAIRES ET ASSIMILES			PRLV	20230414	INTERETS ET COMMISSIONS	271,32	0,00						20230414	CH		
bq	Banque BNP	0	20230414	51210000	BANQUE BNP PARIBAS			PRLV	20230414	INTERETS ET COMMISSIONS	0,00	271,32						20230414	CH		
bq	Banque BNP	0	20230414	41100000	CLIENTS	CCB	RECETTE CB	REM CB	20230414	RECETTE CB	0,00	977,80						20230414	CH		
bq	Banque BNP	0	20230414	51210000	BANQUE BNP PARIBAS			REM CB	20230414	RECETTE CB	977,80	0,00						20230414	CH		
bq	Banque BNP	0	20230417	42100000	PERS REMUNERATIONS DUES	SCAMARA	CAMARA Wague	VIR	20230417	CAMARA Wague	255,11	0,00	A	20230417				20230417	CH		
bq	Banque BNP	0	20230417	51210000	BANQUE BNP PARIBAS			VIR	20230417	CAMARA Wague	0,00	255,11						20230417	CH		
bq	Banque BNP	0	20230417	41100000	CLIENTS	CCB	RECETTE CB	REM CB	20230417	RECETTE CB	0,00	563,18						20230417	CH		
bq	Banque BNP	0	20230417	51210000	BANQUE BNP PARIBAS			REM CB	20230417	RECETTE CB	563,18	0,00						20230417	CH		
bq	Banque BNP	0	20230417	41100000	CLIENTS	CCB	RECETTE CB	REM CB	20230417	RECETTE CB	0,00	1119,71						20230417	CH		
bq	Banque BNP	0	20230417	51210000	BANQUE BNP PARIBAS			REM CB	20230417	RECETTE CB	1119,71	0,00						20230417	CH		
bq	Banque BNP	0	20230417	41100000	CLIENTS	CCB	RECETTE CB	REM CB	20230417	RECETTE CB	0,00	2264,18						20230417	CH		
bq	Banque BNP	0	20230417	51210000	BANQUE BNP PARIBAS			REM CB	20230417	RECETTE CB	2264,18	0,00						20230417	CH		
bq	Banque BNP	0	20230417	40100000	FOURNISSEURS	FELIS	ELIS	PRLV	20230417	ROBERT DISTRIBUTION 04/2023	501,20	0,00	A	20230630				20230417	CH		
bq	Banque BNP	0	20230417	51210000	BANQUE BNP PARIBAS			PRLV	20230417	ROBERT DISTRIBUTION 04/2023	0,00	501,20						20230417	CH		
bq	Banque BNP	0	20230417	42103700	NDIAYE BADO			VIR	20230417	NDIAYE BADO MARS	2000,94	0,00	C	20230417				20230417	CH		
bq	Banque BNP	0	20230417	51210000	BANQUE BNP PARIBAS			VIR	20230417	NDIAYE BADO MARS	0,00	2000,94						20230417	CH		
bq	Banque BNP	0	20230418	43100000	SECURITE SOCIALE			PRLV	20230418	URSSAF MARS	930,00	0,00						20230418	CH		
bq	Banque BNP	0	20230418	51210000	BANQUE BNP PARIBAS			PRLV	20230418	URSSAF MARS	0,00	930,00						20230418	CH		
bq	Banque BNP	0	20230418	41100000	CLIENTS	CCB	RECETTE CB	REM CB	20230418	RECETTE CB	0,00	564,95						20230418	CH		
bq	Banque BNP	0	20230418	51210000	BANQUE BNP PARIBAS			REM CB	20230418	RECETTE CB	564,95	0,00						20230418	CH		
bq	Banque BNP	0	20230419	40100000	FOURNISSEURS	FDIVERS	DIVERS	VIR	20230419	LEDEUDE	2564,40	0,00						20230419	CH		
bq	Banque BNP	0	20230419	51210000	BANQUE BNP PARIBAS			VIR	20230419	LEDEUDE	0,00	2564,40						20230419	CH		
bq	Banque BNP	0	20230419	40100000	FOURNISSEURS	FPIE	P I ELECTRONIQUE	VIR	20230419	P.I.ELECTRONIQUE	2600,00	0,00						20230419	CH		
bq	Banque BNP	0	20230419	51210000	BANQUE BNP PARIBAS			VIR	20230419	P.I.ELECTRONIQUE	0,00	2600,00						20230419	CH		
bq	Banque BNP	0	20230420	41100000	CLIENTS	CCB	RECETTE CB	REM CB	20230420	RECETTE CB	0,00	980,81						20230420	CH		
bq	Banque BNP	0	20230420	51210000	BANQUE BNP PARIBAS			REM CB	20230420	RECETTE CB	980,81	0,00						20230420	CH		
bq	Banque BNP	0	20230421	41100000	CLIENTS	CCB	RECETTE CB	REM CB	20230421	RECETTE CB	0,00	1051,49						20230421	CH		
bq	Banque BNP	0	20230421	51210000	BANQUE BNP PARIBAS			REM CB	20230421	RECETTE CB	1051,49	0,00						20230421	CH		
bq	Banque BNP	0	20230424	44400000	ETAT IMPOTS S/BENEFICES			VIR	20230424	REMB. TROP PERCU 	0,00	43,00						20230424	CH		
bq	Banque BNP	0	20230424	51210000	BANQUE BNP PARIBAS			VIR	20230424	REMB. TROP PERCU 	43,00	0,00						20230424	CH		
bq	Banque BNP	0	20230424	44400000	ETAT IMPOTS S/BENEFICES			VIR	20230424	REMB. TROP PERCU 	0,00	137,00						20230424	CH		
bq	Banque BNP	0	20230424	51210000	BANQUE BNP PARIBAS			VIR	20230424	REMB. TROP PERCU 	137,00	0,00						20230424	CH		
bq	Banque BNP	0	20230424	41100000	CLIENTS	CCB	RECETTE CB	REM CB	20230424	RECETTE CB	0,00	990,65						20230424	CH		
bq	Banque BNP	0	20230424	51210000	BANQUE BNP PARIBAS			REM CB	20230424	RECETTE CB	990,65	0,00						20230424	CH		
bq	Banque BNP	0	20230424	41100000	CLIENTS	CCB	RECETTE CB	REM CB	20230424	RECETTE CB	0,00	1354,21						20230424	CH		
bq	Banque BNP	0	20230424	51210000	BANQUE BNP PARIBAS			REM CB	20230424	RECETTE CB	1354,21	0,00						20230424	CH		
bq	Banque BNP	0	20230424	41100000	CLIENTS	CCB	RECETTE CB	REM CB	20230424	RECETTE CB	0,00	2498,97						20230424	CH		
bq	Banque BNP	0	20230424	51210000	BANQUE BNP PARIBAS			REM CB	20230424	RECETTE CB	2498,97	0,00						20230424	CH		
bq	Banque BNP	0	20230425	43750000	RETRAITE NON CADRE			PRLV	20230425	RETRAITE KLESIA	229,42	0,00						20230425	CH		
bq	Banque BNP	0	20230425	51210000	BANQUE BNP PARIBAS			PRLV	20230425	RETRAITE KLESIA	0,00	229,42						20230425	CH		
bq	Banque BNP	0	20230425	41100000	CLIENTS	CCB	RECETTE CB	REM CB	20230425	RECETTE CB	0,00	588,87						20230425	CH		
bq	Banque BNP	0	20230425	51210000	BANQUE BNP PARIBAS			REM CB	20230425	RECETTE CB	588,87	0,00						20230425	CH		
bq	Banque BNP	0	20230426	40100000	FOURNISSEURS	FLOYER	SUMATRA	VIR	20230426	SUMATRA AVRIL	4643,50	0,00						20230426	CH		
bq	Banque BNP	0	20230426	51210000	BANQUE BNP PARIBAS			VIR	20230426	SUMATRA AVRIL	0,00	4643,50						20230426	CH		
bq	Banque BNP	0	20230427	41100000	CLIENTS	CCB	RECETTE CB	REM CB	20230427	RECETTE CB	0,00	1166,76						20230427	CH		
bq	Banque BNP	0	20230427	51210000	BANQUE BNP PARIBAS			REM CB	20230427	RECETTE CB	1166,76	0,00						20230427	CH		
bq	Banque BNP	0	20230427	40100000	FOURNISSEURS	FPIERRE	PIERRE LINDON	VIR	20230427	PIERRE LINDON FAC2	2506,00	0,00	C	20230427				20230427	CH		
bq	Banque BNP	0	20230427	51210000	BANQUE BNP PARIBAS			VIR	20230427	PIERRE LINDON FAC2	0,00	2506,00						20230427	CH		
bq	Banque BNP	0	20230427	41100000	CLIENTS	CCB	RECETTE CB	REM CB	20230427	RECETTE CB	0,00	1338,75						20230427	CH		
bq	Banque BNP	0	20230427	51210000	BANQUE BNP PARIBAS			REM CB	20230427	RECETTE CB	1338,75	0,00						20230427	CH		
bq	Banque BNP	0	20230428	45500000	C/C TORRE GIUSEPPE			VIR	20230428	CARPA MANIEMENTS DE FONDS	100,00	0,00						20230428	CH		
bq	Banque BNP	0	20230428	51210000	BANQUE BNP PARIBAS			VIR	20230428	CARPA MANIEMENTS DE FONDS	0,00	100,00						20230428	CH		
bq	Banque BNP	0	20230428	41100000	CLIENTS	CCB	RECETTE CB	REM CB	20230428	RECETTE CB	0,00	701,55						20230428	CH		
bq	Banque BNP	0	20230428	51210000	BANQUE BNP PARIBAS			REM CB	20230428	RECETTE CB	701,55	0,00						20230428	CH		
bq	Banque BNP	0	20230428	41100000	CLIENTS	CCB	RECETTE CB	REM CB	20230428	RECETTE CB	0,00	1430,74						20230428	CH		
bq	Banque BNP	0	20230428	51210000	BANQUE BNP PARIBAS			REM CB	20230428	RECETTE CB	1430,74	0,00						20230428	CH		
bq	Banque BNP	0	20230428	41100000	CLIENTS	CCB	RECETTE CB	REM CB	20230428	RECETTE CB	0,00	1640,62						20230428	CH		
bq	Banque BNP	0	20230428	51210000	BANQUE BNP PARIBAS			REM CB	20230428	RECETTE CB	1640,62	0,00						20230428	CH		
od	Opérations diverses	0	20230428	64100000	REMUNERATIONS DU PERSONNEL			04/2023	20230428	OD SALAIRE 	6783,10	0,00						20230428	CH		
od	Opérations diverses	0	20230428	64140000	PERS INDEMNITES ET AVANTAGES DIVERS			04/2023	20230428	OD SALAIRE 	220,55	0,00						20230428	CH		
od	Opérations diverses	0	20230428	43100000	SECURITE SOCIALE			04/2023	20230428	OD SALAIRE 	0,00	944,36						20230428	CH		
od	Opérations diverses	0	20230428	44210000	PAS			04/2023	20230428	OD SALAIRE 	0,00	20,55						20230428	CH		
od	Opérations diverses	0	20230428	43750000	RETRAITE NON CADRE			04/2023	20230428	OD SALAIRE 	0,00	280,85						20230428	CH		
od	Opérations diverses	0	20230428	43720000	GROUPE MORNAY			04/2023	20230428	OD SALAIRE 	0,00	30,47						20230428	CH		
od	Opérations diverses	0	20230428	43720000	GROUPE MORNAY			04/2023	20230428	OD SALAIRE 	0,00	124,10						20230428	CH		
od	Opérations diverses	0	20230428	79100000	TRANSF.CHARGES D'EXPLOITATION			04/2023	20230428	OD SALAIRE avantages repas	0,00	220,55						20230428	CH		
od	Opérations diverses	0	20230428	64140000	PERS INDEMNITES ET AVANTAGES DIVERS			04/2023	20230428	OD SALAIRE navigo	65,00	0,00						20230428	CH		
od	Opérations diverses	0	20230428	42103700	NDIAYE BADO			04/2023	20230428	NDIAYE DIALLO Fatoumata	0,00	2150,33	E	20230503				20230428	CH		
od	Opérations diverses	0	20230428	42100300	PITZUS LEONARDO			04/2023	20230428	PITZUS LEONARDO	58,42	0,00						20230428	CH		
od	Opérations diverses	0	20230428	42100300	PITZUS LEONARDO			04/2023	20230428	PITZUS LEONARDO trop perçu	0,00	29,21	D	20230428				20230428	CH		
od	Opérations diverses	0	20230428	42100000	PERS REMUNERATIONS DUES	SGUISSE	GUISSE Oumar	04/2023	20230428	GUISSE Oumar	0,00	1477,37	A	20230503				20230428	CH		
od	Opérations diverses	0	20230428	42100000	PERS REMUNERATIONS DUES	SALEXAND	ALEXANDRE VARTOUKIAN	04/2023	20230428	ALEXANDRE VARTOUKIAN	0,00	1730,27	B	20230503				20230428	CH		
od	Opérations diverses	0	20230428	42103700	NDIAYE BADO			04/2023	20230428	NDIAYE DIALLO Fatoumata	0,00	119,01	D	20230503				20230428	CH		
od	Opérations diverses	0	20230428	43720000	GROUPE MORNAY			04/2023	20230428	OD SALAIRE CS PP MUT	0,00	194,50						20230428	CH		
od	Opérations diverses	0	20230428	64520000	PERS COTISATIONS AUX MUTUELLES			04/2023	20230428	OD SALAIRE CS PP MUT	194,50	0,00						20230428	CH		
od	Opérations diverses	0	20230428	43720000	GROUPE MORNAY			04/2023	20230428	OD SALAIRE CS PP PREV	0,00	30,47						20230428	CH		
od	Opérations diverses	0	20230428	64520000	PERS COTISATIONS AUX MUTUELLES			04/2023	20230428	OD SALAIRE CS PP PREV	30,47	0,00						20230428	CH		
od	Opérations diverses	0	20230428	43100000	SECURITE SOCIALE			04/2023	20230428	OD SALAIRE CS PP 	0,00	630,06						20230428	CH		
od	Opérations diverses	0	20230428	64510000	PERS COTISATIONS A L'URSSAF			04/2023	20230428	OD SALAIRE CS PP 	630,06	0,00						20230428	CH		
od	Opérations diverses	0	20230430	43750000	RETRAITE NON CADRE			04/2023	20230430	OD SALAIRE CS PP RETRAITE	0,00	115,43						20230430	CH		
od	Opérations diverses	0	20230430	64530000	PERS COTISATIONS CAISSES DE RETRAITE			04/2023	20230430	OD SALAIRE CS PP RETRAITE	115,43	0,00						20230430	CH		
od	Opérations diverses	0	20230430	44571190	TVA COLLECTEE 20%			04/2023	20230430	TVA 04/2023	2404,00	0,00						20230430	CH		
od	Opérations diverses	0	20230430	44571010	TVA COLLECTEE 10%			04/2023	20230430	TVA 04/2023	3203,00	0,00						20230430	CH		
od	Opérations diverses	0	20230430	44566000	ETAT TVA SUR AUTRES BIENS ET SERVICES			04/2023	20230430	TVA 04/2023	0,00	2567,00						20230430	CH		
od	Opérations diverses	0	20230430	44562000	ETAT TAV SUR IMMOBILISATIONS			04/2023	20230430	TVA 04/2023	0,00	960,00						20230430	CH		
od	Opérations diverses	0	20230430	44551000	ETAT TVA A DECAISSER			04/2023	20230430	TVA 04/2023	0,00	2080,00	D	20230524				20230430	CH		
ca	Caisse	0	20230407	40100000	FOURNISSEURS	FDIVERS	DIVERS	04/05	20230407	VERGERS SAINT PAUL	1,50	0,00	AB	20230407				20230407	CH		
ca	Caisse	0	20230407	53000000	CAISSE			04/05	20230407	VERGERS SAINT PAUL	0,00	1,50						20230407	CH		
ca	Caisse	0	20230414	40100000	FOURNISSEURS	FDIVERS	DIVERS	04/06	20230414	FRANPRIX	8,40	0,00	AC	20230414				20230414	CH		
ca	Caisse	0	20230414	53000000	CAISSE			04/06	20230414	FRANPRIX	0,00	8,40						20230414	CH		
ca	Caisse	0	20230415	40100000	FOURNISSEURS	FDIVERS	DIVERS	04/07	20230415	FRANPRIX	4,60	0,00	AD	20230415				20230415	CH		
ca	Caisse	0	20230415	53000000	CAISSE			04/07	20230415	FRANPRIX	0,00	4,60						20230415	CH		
ca	Caisse	0	20230414	40100000	FOURNISSEURS	FVERGER	VERGER ST PAUL	04/08	20230414	VERGER ST PAUL	1,50	0,00	E	20230414				20230414	CH		
ca	Caisse	0	20230414	53000000	CAISSE			04/08	20230414	VERGER ST PAUL	0,00	1,50						20230414	CH		
ca	Caisse	0	20230415	40100000	FOURNISSEURS	FVERGER	VERGER ST PAUL	04/09	20230415	VERGER ST PAUL	1,00	0,00	G	20230415				20230415	CH		
ca	Caisse	0	20230415	53000000	CAISSE			04/09	20230415	VERGER ST PAUL	0,00	1,00						20230415	CH		
ca	Caisse	0	20230407	40100000	FOURNISSEURS	FDIVERS	DIVERS	04/11	20230407	CLE MINUTE	48,00	0,00	AF	20230407				20230407	CH		
ca	Caisse	0	20230407	53000000	CAISSE			04/11	20230407	CLE MINUTE	0,00	48,00						20230407	CH		
ca	Caisse	0	20230422	40100000	FOURNISSEURS	FDIVERS	DIVERS	04/13	20230422	HALLES 3000	32,52	0,00	AE	20230422				20230422	CH		
ca	Caisse	0	20230422	53000000	CAISSE			04/13	20230422	HALLES 3000	0,00	32,52						20230422	CH		
ca	Caisse	0	20230409	40100000	FOURNISSEURS	FDIVERS	DIVERS	04/16	20230409	SUPERMARCHE	12,55	0,00	AG	20230409				20230409	CH		
ca	Caisse	0	20230409	53000000	CAISSE			04/16	20230409	SUPERMARCHE	0,00	12,55						20230409	CH		
ca	Caisse	0	20230418	40100000	FOURNISSEURS	FDIVERS	DIVERS	04/18	20230418	ACTION	7,44	0,00	AH	20230418				20230418	CH		
ca	Caisse	0	20230418	53000000	CAISSE			04/18	20230418	ACTION	0,00	7,44						20230418	CH		
ca	Caisse	0	20230408	40100000	FOURNISSEURS	FDIVERS	DIVERS	04/19	20230408	LA GLACIERE DE PARIS	20,00	0,00	AI	20230408				20230408	CH		
ca	Caisse	0	20230408	53000000	CAISSE			04/19	20230408	LA GLACIERE DE PARIS	0,00	20,00						20230408	CH		
ca	Caisse	0	20230406	40100000	FOURNISSEURS	FDIVERS	DIVERS	04/21	20230406	EATALY	3,70	0,00	AK	20230406				20230406	CH		
ca	Caisse	0	20230406	53000000	CAISSE			04/21	20230406	EATALY	0,00	3,70						20230406	CH		
ca	Caisse	0	20230402	40100000	FOURNISSEURS	FDIVERS	DIVERS	04/23	20230402	PARIS STAR	2,70	0,00	AJ	20230402				20230402	CH		
ca	Caisse	0	20230402	53000000	CAISSE			04/23	20230402	PARIS STAR	0,00	2,70						20230402	CH		
ca	Caisse	0	20230404	40100000	FOURNISSEURS	FVERGER	VERGER ST PAUL	04/24	20230404	VERGER ST PAUL	2,98	0,00	F	20230404				20230404	CH		
ca	Caisse	0	20230404	53000000	CAISSE			04/24	20230404	VERGER ST PAUL	0,00	2,98						20230404	CH		
ca	Caisse	0	20230404	40100000	FOURNISSEURS	FVERGER	VERGER ST PAUL	04/25	20230404	VERGER ST PAUL	2,50	0,00	H	20230404				20230404	CH		
ca	Caisse	0	20230404	53000000	CAISSE			04/25	20230404	VERGER ST PAUL	0,00	2,50						20230404	CH		
ca	Caisse	0	20230415	40100000	FOURNISSEURS	FDIVERS	DIVERS	04/26	20230415	SUPERMARCHE	8,73	0,00	AL	20230415				20230415	CH		
ca	Caisse	0	20230415	53000000	CAISSE			04/26	20230415	SUPERMARCHE	0,00	8,73						20230415	CH		
ca	Caisse	0	20230415	40100000	FOURNISSEURS	FDIVERS	DIVERS	04/27	20230415	EXOLA DIST	2,20	0,00	AM	20230415				20230415	CH		
ca	Caisse	0	20230415	53000000	CAISSE			04/27	20230415	EXOLA DIST	0,00	2,20						20230415	CH		
ca	Caisse	0	20230408	40100000	FOURNISSEURS	FDIVERS	DIVERS	04/29	20230408	SUPERMARCHE	18,54	0,00	AN	20230408				20230408	CH		
ca	Caisse	0	20230408	53000000	CAISSE			04/29	20230408	SUPERMARCHE	0,00	18,54						20230408	CH		
ca	Caisse	0	20230421	40100000	FOURNISSEURS	FDIVERS	DIVERS	04/30	20230421	FRANPRIX	60,90	0,00	AO	20230421				20230421	CH		
ca	Caisse	0	20230421	53000000	CAISSE			04/30	20230421	FRANPRIX	0,00	60,90						20230421	CH		
ca	Caisse	0	20230421	40100000	FOURNISSEURS	FDIVERS	DIVERS	04/32	20230421	HALLES 3000	12,14	0,00	AP	20230421				20230421	CH		
ca	Caisse	0	20230421	53000000	CAISSE			04/32	20230421	HALLES 3000	0,00	12,14						20230421	CH		
ca	Caisse	0	20230421	40100000	FOURNISSEURS	FDIVERS	DIVERS	04/35	20230421	LA GLACIERE DE PARIS	20,00	0,00	AQ	20230421				20230421	CH		
ca	Caisse	0	20230421	53000000	CAISSE			04/35	20230421	LA GLACIERE DE PARIS	0,00	20,00						20230421	CH		
ca	Caisse	0	20230421	40100000	FOURNISSEURS	FDIVERS	DIVERS	04/15	20230421	LA GLACIERE DE PARIS	40,00	0,00	BM	20230421				20230421	CH		
ca	Caisse	0	20230421	53000000	CAISSE			04/15	20230421	LA GLACIERE DE PARIS	0,00	40,00						20230421	CH		
ca	Caisse	0	20230420	40100000	FOURNISSEURS	FDIVERS	DIVERS	04/39	20230420	HALLES 3000	13,64	0,00	AS	20230420				20230420	CH		
ca	Caisse	0	20230420	53000000	CAISSE			04/39	20230420	HALLES 3000	0,00	13,64						20230420	CH		
ca	Caisse	0	20230411	40100000	FOURNISSEURS	FDIVERS	DIVERS	04/42	20230411	LE HOMARD	21,32	0,00	AR	20230411				20230411	CH		
ca	Caisse	0	20230411	53000000	CAISSE			04/42	20230411	LE HOMARD	0,00	21,32						20230411	CH		
ca	Caisse	0	20230416	40100000	FOURNISSEURS	FVERGER	VERGER ST PAUL	04/43	20230416	VERGER ST PAUL	12,77	0,00	I	20230416				20230416	CH		
ca	Caisse	0	20230416	53000000	CAISSE			04/43	20230416	VERGER ST PAUL	0,00	12,77						20230416	CH		
ca	Caisse	0	20230420	40100000	FOURNISSEURS	FDIVERS	DIVERS	04/48	20230420	HEMA	1,75	0,00	AT	20230420				20230420	CH		
ca	Caisse	0	20230420	53000000	CAISSE			04/48	20230420	HEMA	0,00	1,75						20230420	CH		
ca	Caisse	0	20230423	40100000	FOURNISSEURS	FDIVERS	DIVERS	04/49	20230423	BADOU	9,75	0,00	AV	20230423				20230423	CH		
ca	Caisse	0	20230423	53000000	CAISSE			04/49	20230423	BADOU	0,00	9,75						20230423	CH		
ca	Caisse	0	20230405	40100000	FOURNISSEURS	FDIVERS	DIVERS	04/19	20230405	LA GLACIERE DE PARIS	20,00	0,00	BK	20230405				20230405	CH		
ca	Caisse	0	20230405	53000000	CAISSE			04/19	20230405	LA GLACIERE DE PARIS	0,00	20,00						20230405	CH		
ca	Caisse	0	20230421	40100000	FOURNISSEURS	FDIVERS	DIVERS	04/31	20230421	BOULANGERIE PATISSERIE	38,00	0,00	BL	20230421				20230421	CH		
ca	Caisse	0	20230421	53000000	CAISSE			04/31	20230421	BOULANGERIE PATISSERIE	0,00	38,00						20230421	CH		
ac	Achats	0	20230510	40100000	FOURNISSEURS	FASFORET	ASFOREST FORMATION & CONSEIL	05/01	20230510	ASFOREST FORM. F230501310	0,00	300,00						20230510	CH		
ac	Achats	0	20230510	61850000	FRAIS DE COLLOQUES SEMINAIRES CONFERENCE			05/01	20230510	ASFOREST FORM. F230501310	250,00	0,00						20230510	CH		
ac	Achats	0	20230510	44566000	ETAT TVA SUR AUTRES BIENS ET SERVICES			05/01	20230510	ASFOREST FORM. F230501310	50,00	0,00						20230510	CH		
ac	Achats	0	20230507	40100000	FOURNISSEURS	FMEREGAL	MEREGALLI	05/02	20230507	MEREGALLI F.1540	0,00	1889,06						20230507	CH		
ac	Achats	0	20230507	60100000	ACHATS MATIERES PREMIERES			05/02	20230507	MEREGALLI F.1540	1574,22	0,00						20230507	CH		
ac	Achats	0	20230507	44566000	ETAT TVA SUR AUTRES BIENS ET SERVICES			05/02	20230507	MEREGALLI F.1540	314,84	0,00						20230507	CH		
ac	Achats	0	20230520	40100000	FOURNISSEURS	FMEREGAL	MEREGALLI	05/03	20230520	MEREGALLI F.1723	0,00	976,01						20230520	CH		
ac	Achats	0	20230520	60100000	ACHATS MATIERES PREMIERES			05/03	20230520	MEREGALLI F.1723	813,34	0,00						20230520	CH		
ac	Achats	0	20230520	44566000	ETAT TVA SUR AUTRES BIENS ET SERVICES			05/03	20230520	MEREGALLI F.1723	162,67	0,00						20230520	CH		
ac	Achats	0	20230522	40100000	FOURNISSEURS	FETSPROT	ETS PROTECTION	05/04	20230522	ETS PROTECTION FA20230913	0,00	2810,40	A	20230522				20230522	CH		
ac	Achats	0	20230522	61550000	ENTRETIEN SUR BIEN MOBILIER			05/04	20230522	ETS PROTECTION FA20230913	2342,00	0,00						20230522	CH		
ac	Achats	0	20230522	44566000	ETAT TVA SUR AUTRES BIENS ET SERVICES			05/04	20230522	ETS PROTECTION FA20230913	468,40	0,00						20230522	CH		
ac	Achats	0	20230518	40100000	FOURNISSEURS	FELIS	ELIS	05/05	20230518	ROBERT DISTRIBUTION F.310028	0,00	175,32	A	20230630				20230518	CH		
ac	Achats	0	20230518	60100000	ACHATS MATIERES PREMIERES			05/05	20230518	ROBERT DISTRIBUTION F.310028	155,81	0,00						20230518	CH		
ac	Achats	0	20230518	44566000	ETAT TVA SUR AUTRES BIENS ET SERVICES			05/05	20230518	ROBERT DISTRIBUTION F.310028	14,01	0,00						20230518	CH		
ac	Achats	0	20230518	40900000	FOURN DEBITEURS			05/05	20230518	ROBERT DISTRIBUTION F.310028	5,50	0,00						20230518	CH		
ac	Achats	0	20230531	40100000	FOURNISSEURS	FMVS	SARL MVS	05/06	20230531	SARL MVS F.05230442	0,00	516,12	A	20230630				20230531	CH		
ac	Achats	0	20230531	60630000	ACHATS FOURN.ENTRET.PETIT EQUIPEMENT			05/06	20230531	SARL MVS	430,10	0,00						20230531	CH		
ac	Achats	0	20230531	44566000	ETAT TVA SUR AUTRES BIENS ET SERVICES			05/06	20230531	SARL MVS	86,02	0,00						20230531	CH		
ac	Achats	0	20230512	40100000	FOURNISSEURS	FPIERRE	PIERRE LINDON	05/07	20230512	PIERRE LINDON	0,00	1104,00	A	20230522				20230512	CH		
ac	Achats	0	20230512	62100000	PERSONNEL EXTERIEUR A L'ENTREPRISE			05/07	20230512	PIERRE LINDON	1104,00	0,00						20230512	CH		
ac	Achats	0	20230503	40100000	FOURNISSEURS	FBEAUGRA	BEAUGRAIN	RL01141	20230503	BEAUGRAIN FAC-20230503-07461	0,00	613,52						20230503	CH		
ac	Achats	0	20230503	60100000	ACHATS MATIERES PREMIERES			RL01141	20230503	BEAUGRAIN FAC-20230503-07461	581,54	0,00						20230503	CH		
ac	Achats	0	20230503	44566000	ETAT TVA SUR AUTRES BIENS ET SERVICES			RL01141	20230503	BEAUGRAIN FAC-20230503-07461	31,98	0,00						20230503	CH		
ac	Achats	0	20230504	40100000	FOURNISSEURS	FBEAUGRA	BEAUGRAIN	RL01141	20230504	BEAUGRAIN FAC-20230504-07486	0,00	29,05						20230504	CH		
ac	Achats	0	20230504	60100000	ACHATS MATIERES PREMIERES			RL01141	20230504	BEAUGRAIN FAC-20230504-07486	27,54	0,00						20230504	CH		
ac	Achats	0	20230504	44566000	ETAT TVA SUR AUTRES BIENS ET SERVICES			RL01141	20230504	BEAUGRAIN FAC-20230504-07486	1,51	0,00						20230504	CH		
ac	Achats	0	20230511	40100000	FOURNISSEURS	FBEAUGRA	BEAUGRAIN	RL01141	20230511	BEAUGRAIN FAC-20230511-07847	0,00	20,11						20230511	CH		
ac	Achats	0	20230511	60100000	ACHATS MATIERES PREMIERES			RL01141	20230511	BEAUGRAIN FAC-20230511-07847	19,06	0,00						20230511	CH		
ac	Achats	0	20230511	44566000	ETAT TVA SUR AUTRES BIENS ET SERVICES			RL01141	20230511	BEAUGRAIN FAC-20230511-07847	1,05	0,00						20230511	CH		
ac	Achats	0	20230511	40100000	FOURNISSEURS	FBEAUGRA	BEAUGRAIN	RL01141	20230511	BEAUGRAIN FAC-20230511-07882	0,00	55,47						20230511	CH		
ac	Achats	0	20230511	60100000	ACHATS MATIERES PREMIERES			RL01141	20230511	BEAUGRAIN FAC-20230511-07882	52,58	0,00						20230511	CH		
ac	Achats	0	20230511	44566000	ETAT TVA SUR AUTRES BIENS ET SERVICES			RL01141	20230511	BEAUGRAIN FAC-20230511-07882	2,89	0,00						20230511	CH		
ac	Achats	0	20230513	40100000	FOURNISSEURS	FBEAUGRA	BEAUGRAIN	RL01141	20230513	BEAUGRAIN FAC-20230513-07984	0,00	329,48						20230513	CH		
ac	Achats	0	20230513	60100000	ACHATS MATIERES PREMIERES			RL01141	20230513	BEAUGRAIN FAC-20230513-07984	312,30	0,00						20230513	CH		
ac	Achats	0	20230513	44566000	ETAT TVA SUR AUTRES BIENS ET SERVICES			RL01141	20230513	BEAUGRAIN FAC-20230513-07984	17,18	0,00						20230513	CH		
ac	Achats	0	20230520	40100000	FOURNISSEURS	FBEAUGRA	BEAUGRAIN	RL01141	20230520	BEAUGRAIN FAC-20230520-08387	0,00	122,19						20230520	CH		
ac	Achats	0	20230520	60100000	ACHATS MATIERES PREMIERES			RL01141	20230520	BEAUGRAIN FAC-20230520-08387	115,82	0,00						20230520	CH		
ac	Achats	0	20230520	44566000	ETAT TVA SUR AUTRES BIENS ET SERVICES			RL01141	20230520	BEAUGRAIN FAC-20230520-08387	6,37	0,00						20230520	CH		
ac	Achats	0	20230523	40100000	FOURNISSEURS	FBEAUGRA	BEAUGRAIN	RL01141	20230523	BEAUGRAIN FAC-20230523-08521	0,00	53,46						20230523	CH		
ac	Achats	0	20230523	60100000	ACHATS MATIERES PREMIERES			RL01141	20230523	BEAUGRAIN FAC-20230523-08521	50,67	0,00						20230523	CH		
ac	Achats	0	20230523	44566000	ETAT TVA SUR AUTRES BIENS ET SERVICES			RL01141	20230523	BEAUGRAIN FAC-20230523-08521	2,79	0,00						20230523	CH		
ac	Achats	0	20230527	40100000	FOURNISSEURS	FBEAUGRA	BEAUGRAIN	RL01141	20230527	BEAUGRAIN FAC-20230527-08814	0,00	216,42						20230527	CH		
ac	Achats	0	20230527	60100000	ACHATS MATIERES PREMIERES			RL01141	20230527	BEAUGRAIN FAC-20230527-08814	205,14	0,00						20230527	CH		
ac	Achats	0	20230527	44566000	ETAT TVA SUR AUTRES BIENS ET SERVICES			RL01141	20230527	BEAUGRAIN FAC-20230527-08814	11,28	0,00						20230527	CH		
ac	Achats	0	20230530	40100000	FOURNISSEURS	FBEAUGRA	BEAUGRAIN	RL01141	20230530	BEAUGRAIN FAC-20230530-08835	0,00	29,62						20230530	CH		
ac	Achats	0	20230530	60100000	ACHATS MATIERES PREMIERES			RL01141	20230530	BEAUGRAIN FAC-20230530-08835	28,08	0,00						20230530	CH		
ac	Achats	0	20230530	44566000	ETAT TVA SUR AUTRES BIENS ET SERVICES			RL01141	20230530	BEAUGRAIN FAC-20230530-08835	1,54	0,00						20230530	CH		
ac	Achats	0	20230502	40100000	FOURNISSEURS	FVERGER	VERGER ST PAUL	05/08	20230502	VERGER ST PAUL ESP	0,00	11,72	J	20230502				20230502	CH		
ac	Achats	0	20230502	60100000	ACHATS MATIERES PREMIERES			05/08	20230502	VERGER ST PAUL	11,11	0,00						20230502	CH		
ac	Achats	0	20230502	44566000	ETAT TVA SUR AUTRES BIENS ET SERVICES			05/08	20230502	VERGER ST PAUL	0,61	0,00						20230502	CH		
ac	Achats	0	20230509	40100000	FOURNISSEURS	FDIVERS	DIVERS	05/09	20230509	SUPERMARCHE ESP	0,00	12,93	AX	20230509				20230509	CH		
ac	Achats	0	20230509	60100000	ACHATS MATIERES PREMIERES			05/09	20230509	SUPERMARCHE	12,26	0,00						20230509	CH		
ac	Achats	0	20230509	44566000	ETAT TVA SUR AUTRES BIENS ET SERVICES			05/09	20230509	SUPERMARCHE	0,67	0,00						20230509	CH		
ac	Achats	0	20230503	40100000	FOURNISSEURS	FDIVERS	DIVERS	05/10	20230503	FRANPRIX ESP	0,00	3,90	AW	20230503				20230503	CH		
ac	Achats	0	20230503	60630000	ACHATS FOURN.ENTRET.PETIT EQUIPEMENT			05/10	20230503	FRANPRIX	3,90	0,00						20230503	CH		
ac	Achats	0	20230510	40100000	FOURNISSEURS	FDIVERS	DIVERS	05/11	20230510	HALLES 3000	0,00	13,79	AY	20230510				20230510	CH		
ac	Achats	0	20230510	60100000	ACHATS MATIERES PREMIERES			05/11	20230510	HALLES 3000	13,79	0,00						20230510	CH		
ac	Achats	0	20230531	40100000	FOURNISSEURS	FDIVERS	DIVERS	05/12	20230531	FRANPRIX ESP	0,00	3,20	BA	20230531				20230531	CH		
ac	Achats	0	20230531	60100000	ACHATS MATIERES PREMIERES			05/12	20230531	FRANPRIX	3,20	0,00						20230531	CH		
ac	Achats	0	20230513	40100000	FOURNISSEURS	FVERGER	VERGER ST PAUL	05/13	20230513	VERGER ST PAUL ESP	0,00	6,48	K	20230513				20230513	CH		
ac	Achats	0	20230513	60100000	ACHATS MATIERES PREMIERES			05/13	20230513	VERGER ST PAUL	6,14	0,00						20230513	CH		
ac	Achats	0	20230513	44566000	ETAT TVA SUR AUTRES BIENS ET SERVICES			05/13	20230513	VERGER ST PAUL	0,34	0,00						20230513	CH		
ac	Achats	0	20230513	40100000	FOURNISSEURS	FDIVERS	DIVERS	05/14	20230513	SUPERMARCHE ESP	0,00	8,42	AZ	20230513				20230513	CH		
ac	Achats	0	20230513	60100000	ACHATS MATIERES PREMIERES			05/14	20230513	SUPERMARCHE	7,73	0,00						20230513	CH		
ac	Achats	0	20230513	44566000	ETAT TVA SUR AUTRES BIENS ET SERVICES			05/14	20230513	SUPERMARCHE	0,69	0,00						20230513	CH		
ac	Achats	0	20230527	40100000	FOURNISSEURS	FDIVERS	DIVERS	05/15	20230527	SUPERMARCHE ESP	0,00	6,30	BE	20230527				20230527	CH		
ac	Achats	0	20230527	60630000	ACHATS FOURN.ENTRET.PETIT EQUIPEMENT			05/15	20230527	SUPERMARCHE	5,25	0,00						20230527	CH		
ac	Achats	0	20230527	44566000	ETAT TVA SUR AUTRES BIENS ET SERVICES			05/15	20230527	SUPERMARCHE	1,05	0,00						20230527	CH		
ac	Achats	0	20230527	40100000	FOURNISSEURS	FDIVERS	DIVERS	05/16	20230527	CITY ESP	0,00	25,56	BC	20230527				20230527	CH		
ac	Achats	0	20230527	60100000	ACHATS MATIERES PREMIERES			05/16	20230527	CITY	22,82	0,00						20230527	CH		
ac	Achats	0	20230527	44566000	ETAT TVA SUR AUTRES BIENS ET SERVICES			05/16	20230527	CITY	2,74	0,00						20230527	CH		
ac	Achats	0	20230527	40100000	FOURNISSEURS	FDIVERS	DIVERS	05/17	20230527	LA GLACIERE DE PARIS ESP	0,00	20,00	BD	20230527				20230527	CH		
ac	Achats	0	20230527	60630000	ACHATS FOURN.ENTRET.PETIT EQUIPEMENT			05/17	20230527	LA GLACIERE DE PARIS	18,18	0,00						20230527	CH		
ac	Achats	0	20230527	44566000	ETAT TVA SUR AUTRES BIENS ET SERVICES			05/17	20230527	LA GLACIERE DE PARIS	1,82	0,00						20230527	CH		
ac	Achats	0	20230516	40100000	FOURNISSEURS	FDIVERS	DIVERS	FNP	20230516	CAVALLINA	0,00	87,25	BN	20230516				20230516	CH		
ac	Achats	0	20230516	60630000	ACHATS FOURN.ENTRET.PETIT EQUIPEMENT			FNP	20230516	CAVALLINA	87,25	0,00						20230516	CH		
ac	Achats	0	20230515	40100000	FOURNISSEURS	FDIVERS	DIVERS	FNP	20230515	GRAND PARIS JUSTICE 	0,00	500,00	BO	20230515				20230515	CH		
ac	Achats	0	20230515	62260000	HONORAIRES			FNP	20230515	GRAND PARIS JUSTICE 	416,67	0,00						20230515	CH		
ac	Achats	0	20230515	44566000	ETAT TVA SUR AUTRES BIENS ET SERVICES			FNP	20230515	GRAND PARIS JUSTICE 	83,33	0,00						20230515	CH		
ac	Achats	0	20230524	40100000	FOURNISSEURS	FEDF	EDF	FNP	20230524	EDF	0,00	64,15	C	20230524				20230524	CH		
ac	Achats	0	20230524	60610000	ACHATS FOURN.NON STOCK.(ENERGIE EAU)			FNP	20230524	EDF	53,46	0,00						20230524	CH		
ac	Achats	0	20230524	44566000	ETAT TVA SUR AUTRES BIENS ET SERVICES			FNP	20230524	EDF	10,69	0,00						20230524	CH		
ac	Achats	0	20230515	40100000	FOURNISSEURS	FFIELOUX	FIELOUX	FNP	20230515	FIELOUX	0,00	13600,74	B	20230515				20230515	CH		
ac	Achats	0	20230515	62260000	HONORAIRES			FNP	20230515	FIELOUX	11333,95	0,00						20230515	CH		
ac	Achats	0	20230515	44566000	ETAT TVA SUR AUTRES BIENS ET SERVICES			FNP	20230515	FIELOUX	2266,79	0,00						20230515	CH		
ve	Ventes	0	20230530	41100000	CLIENTS	CCB	RECETTE CB	05/2023	20230530	RECETTE CB 05/2023	27131,53	0,00						20230530	CH		
ve	Ventes	0	20230530	41100000	CLIENTS	CESP	RECETTE ESPECES	05/2023	20230530	RECETTE ESPECES 05/2023	4341,97	0,00						20230530	CH		
ve	Ventes	0	20230530	70101000	VENTES PF 20%			05/2023	20230530	VENTES PF 20% 05/2023	0,00	7359,17						20230530	CH		
ve	Ventes	0	20230530	44571190	TVA COLLECTEE 20%			05/2023	20230530	TVA COLLECTEE 20% 05/2023	0,00	1471,83						20230530	CH		
ve	Ventes	0	20230530	70101100	VENTES PF 10%			05/2023	20230530	VENTES PF 10% 05/2023	0,00	20584,09						20230530	CH		
ve	Ventes	0	20230530	44571010	TVA COLLECTEE 10%			05/2023	20230530	TVA COLLECTEE 10% 05/2023	0,00	2058,41						20230530	CH		
bq	Banque BNP	0	20230502	62700000	SERVICES BANCAIRES ET ASSIMILES			PRLV	20230502	PREFILOC CAPITAL	33,60	0,00						20230502	CH		
bq	Banque BNP	0	20230502	51210000	BANQUE BNP PARIBAS			PRLV	20230502	PREFILOC CAPITAL	0,00	33,60						20230502	CH		
bq	Banque BNP	0	20230502	40100000	FOURNISSEURS	FELIS	ELIS	PRLV	20230502	ROBERT DISTRIBUTION 04/2023	556,16	0,00	A	20230630				20230502	CH		
bq	Banque BNP	0	20230502	51210000	BANQUE BNP PARIBAS			PRLV	20230502	ROBERT DISTRIBUTION 04/2023	0,00	556,16						20230502	CH		
bq	Banque BNP	0	20230502	41100000	CLIENTS	CCB	RECETTE CB	REM CB	20230502	RECETTE CB	0,00	953,64						20230502	CH		
bq	Banque BNP	0	20230502	51210000	BANQUE BNP PARIBAS			REM CB	20230502	RECETTE CB	953,64	0,00						20230502	CH		
bq	Banque BNP	0	20230503	42103700	NDIAYE BADO			VIR	20230503	NDIAYE DIALLO Fatoumata AVRIL	119,01	0,00	D	20230503				20230503	CH		
bq	Banque BNP	0	20230503	51210000	BANQUE BNP PARIBAS			VIR	20230503	NDIAYE DIALLO Fatoumata	0,00	119,01						20230503	CH		
bq	Banque BNP	0	20230503	42100000	PERS REMUNERATIONS DUES	SGUISSE	GUISSE Oumar	VIR	20230503	GUISSE Oumar AVRIL	1477,37	0,00	A	20230503				20230503	CH		
bq	Banque BNP	0	20230503	51210000	BANQUE BNP PARIBAS			VIR	20230503	GUISSE Oumar AVRIL	0,00	1477,37						20230503	CH		
bq	Banque BNP	0	20230503	42100000	PERS REMUNERATIONS DUES	SALEXAND	ALEXANDRE VARTOUKIAN	VIR	20230503	ALEXANDRE VARTOUKIAN AVRIL	1750,82	0,00	B	20230503				20230503	CH		
bq	Banque BNP	0	20230503	51210000	BANQUE BNP PARIBAS			VIR	20230503	ALEXANDRE VARTOUKIAN AVRIL	0,00	1750,82						20230503	CH		
bq	Banque BNP	0	20230503	42103700	NDIAYE BADO			VIR	20230503	NDIAYE DIALLO Fatoumata AVRIL	2150,33	0,00	E	20230503				20230503	CH		
bq	Banque BNP	0	20230503	51210000	BANQUE BNP PARIBAS			VIR	20230503	NDIAYE DIALLO Fatoumata AVRIL	0,00	2150,33						20230503	CH		
bq	Banque BNP	0	20230503	40100000	FOURNISSEURS	FLOYER	SUMATRA	CB	20230503	ICORPORATE	4648,31	0,00						20230503	CH		
bq	Banque BNP	0	20230503	51210000	BANQUE BNP PARIBAS			CB	20230503	ICORPORATE	0,00	4648,31						20230503	CH		
bq	Banque BNP	0	20230503	41100000	CLIENTS	CCB	RECETTE CB	REM CB	20230503	RECETTE CB	0,00	1039,20						20230503	CH		
bq	Banque BNP	0	20230503	51210000	BANQUE BNP PARIBAS			REM CB	20230503	RECETTE CB	1039,20	0,00						20230503	CH		
bq	Banque BNP	0	20230503	62700000	SERVICES BANCAIRES ET ASSIMILES			PRLV	20230503	COMMISS	34,80	0,00						20230503	CH		
bq	Banque BNP	0	20230503	51210000	BANQUE BNP PARIBAS			PRLV	20230503	COMMISS	0,00	34,80						20230503	CH		
bq	Banque BNP	0	20230504	40100000	FOURNISSEURS	FENGIE	ENGIE	PRLV	20230504	ENGIE	168,24	0,00	A	20230630				20230504	CH		
bq	Banque BNP	0	20230504	51210000	BANQUE BNP PARIBAS			PRLV	20230504	ENGIE	0,00	168,24						20230504	CH		
bq	Banque BNP	0	20230505	41100000	CLIENTS	CCB	RECETTE CB	REM CB	20230505	RECETTE CB	0,00	1157,40						20230505	CH		
bq	Banque BNP	0	20230505	51210000	BANQUE BNP PARIBAS			REM CB	20230505	RECETTE CB	1157,40	0,00						20230505	CH		
bq	Banque BNP	0	20230505	40100000	FOURNISSEURS	FORANGE	ORANGE	PRLV	20230505	ORANGE	62,40	0,00						20230505	CH		
bq	Banque BNP	0	20230505	51210000	BANQUE BNP PARIBAS			PRLV	20230505	ORANGE	0,00	62,40						20230505	CH		
bq	Banque BNP	0	20230505	43750000	RETRAITE NON CADRE			PRLV	20230505	KLESIA 	519,10	0,00						20230505	CH		
bq	Banque BNP	0	20230505	51210000	BANQUE BNP PARIBAS			PRLV	20230505	KLESIA 	0,00	519,10						20230505	CH		
bq	Banque BNP	0	20230505	41100000	CLIENTS	CCB	RECETTE CB	REM CB	20230505	RECETTE CB	0,00	890,48						20230505	CH		
bq	Banque BNP	0	20230505	51210000	BANQUE BNP PARIBAS			REM CB	20230505	RECETTE CB	890,48	0,00						20230505	CH		
bq	Banque BNP	0	20230509	16420000	PGE 46000			PRLV	20230509	ECH PRET	997,98	0,00						20230509	CH		
bq	Banque BNP	0	20230509	51210000	BANQUE BNP PARIBAS			PRLV	20230509	ECH PRET	0,00	997,98						20230509	CH		
bq	Banque BNP	0	20230509	41100000	CLIENTS	CCB	RECETTE CB	REM CB	20230509	RECETTE CB	0,00	929,26						20230509	CH		
bq	Banque BNP	0	20230509	51210000	BANQUE BNP PARIBAS			REM CB	20230509	RECETTE CB	929,26	0,00						20230509	CH		
bq	Banque BNP	0	20230509	41100000	CLIENTS	CCB	RECETTE CB	REM CB	20230509	RECETTE CB	0,00	1390,95						20230509	CH		
bq	Banque BNP	0	20230509	51210000	BANQUE BNP PARIBAS			REM CB	20230509	RECETTE CB	1390,95	0,00						20230509	CH		
bq	Banque BNP	0	20230509	46700000	DEB ET CRED DIVERS - AUTRES			CB	20230509	IMPAYE REMISE CB	67,00	0,00						20230509	CH		
bq	Banque BNP	0	20230509	51210000	BANQUE BNP PARIBAS			CB	20230509	IMPAYE REMISE CB	0,00	67,00						20230509	CH		
bq	Banque BNP	0	20230509	41100000	CLIENTS	CCB	RECETTE CB	REM CB	20230509	RECETTE CB	0,00	775,93						20230509	CH		
bq	Banque BNP	0	20230509	51210000	BANQUE BNP PARIBAS			REM CB	20230509	RECETTE CB	775,93	0,00						20230509	CH		
bq	Banque BNP	0	20230511	41100000	CLIENTS	CCB	RECETTE CB	REM CB	20230511	RECETTE CB	0,00	1458,59						20230511	CH		
bq	Banque BNP	0	20230511	51210000	BANQUE BNP PARIBAS			REM CB	20230511	RECETTE CB	1458,59	0,00						20230511	CH		
bq	Banque BNP	0	20230511	40100000	FOURNISSEURS	FETSPROT	ETS PROTECTION	VIR	20230511	ETS PROTECTION	2810,40	0,00	A	20230522				20230511	CH		
bq	Banque BNP	0	20230511	51210000	BANQUE BNP PARIBAS			VIR	20230511	ETS PROTECTION	0,00	2810,40						20230511	CH		
bq	Banque BNP	0	20230511	40100000	FOURNISSEURS	FLOYER	SUMATRA	VIR	20230511	SUMATRA MAI	4643,50	0,00						20230511	CH		
bq	Banque BNP	0	20230511	51210000	BANQUE BNP PARIBAS			VIR	20230511	SUMATRA MAI	0,00	4643,50						20230511	CH		
bq	Banque BNP	0	20230511	41100000	CLIENTS	CCB	RECETTE CB	REM CB	20230511	RECETTE CB	0,00	608,13						20230511	CH		
bq	Banque BNP	0	20230511	51210000	BANQUE BNP PARIBAS			REM CB	20230511	RECETTE CB	608,13	0,00						20230511	CH		
bq	Banque BNP	0	20230515	41100000	CLIENTS	CCB	RECETTE CB	REM CB	20230515	RECETTE CB	0,00	788,07						20230515	CH		
bq	Banque BNP	0	20230515	51210000	BANQUE BNP PARIBAS			REM CB	20230515	RECETTE CB	788,07	0,00						20230515	CH		
bq	Banque BNP	0	20230515	41100000	CLIENTS	CCB	RECETTE CB	REM CB	20230515	RECETTE CB	0,00	1156,50						20230515	CH		
bq	Banque BNP	0	20230515	51210000	BANQUE BNP PARIBAS			REM CB	20230515	RECETTE CB	1156,50	0,00						20230515	CH		
bq	Banque BNP	0	20230515	41100000	CLIENTS	CCB	RECETTE CB	REM CB	20230515	RECETTE CB	0,00	2062,25						20230515	CH		
bq	Banque BNP	0	20230515	51210000	BANQUE BNP PARIBAS			REM CB	20230515	RECETTE CB	2062,25	0,00						20230515	CH		
bq	Banque BNP	0	20230515	40100000	FOURNISSEURS	FDIVERS	DIVERS	VIR	20230515	GRAND PARIS JUSTICE HUISSIER	500,00	0,00	BO	20230515				20230515	CH		
bq	Banque BNP	0	20230515	51210000	BANQUE BNP PARIBAS			VIR	20230515	GRAND PARIS JUSTICE HUISSIER	0,00	500,00						20230515	CH		
bq	Banque BNP	0	20230515	40100000	FOURNISSEURS	FELIS	ELIS	PRLV	20230515	ROBERT DISTRIBUTION ELIDIS	765,97	0,00	A	20230630				20230515	CH		
bq	Banque BNP	0	20230515	51210000	BANQUE BNP PARIBAS			PRLV	20230515	ROBERT DISTRIBUTION	0,00	765,97						20230515	CH		
bq	Banque BNP	0	20230515	40100000	FOURNISSEURS	FFIELOUX	FIELOUX	VIR	20230515	FIELOUX	13600,74	0,00	B	20230515				20230515	CH		
bq	Banque BNP	0	20230515	51210000	BANQUE BNP PARIBAS			VIR	20230515	FIELOUX	0,00	13600,74						20230515	CH		
bq	Banque BNP	0	20230516	40100000	FOURNISSEURS	FDIVERS	DIVERS	VIR	20230516	CAVALLINA FF0713	87,25	0,00	BN	20230516				20230516	CH		
bq	Banque BNP	0	20230516	51210000	BANQUE BNP PARIBAS			VIR	20230516	CAVALLINA FF0713	0,00	87,25						20230516	CH		
bq	Banque BNP	0	20230516	40100000	FOURNISSEURS	FELIS	ELIS	VIR	20230516	ELIDIS BOISSON SERVICE	501,20	0,00	A	20230630				20230516	CH		
bq	Banque BNP	0	20230516	51210000	BANQUE BNP PARIBAS			VIR	20230516	ELIDIS BOISSON SERVICE	0,00	501,20						20230516	CH		
bq	Banque BNP	0	20230516	40100000	FOURNISSEURS	FREYNAUD	REYNAUD	VIR	20230516	REYNAUD	604,33	0,00	A	20230630				20230516	CH		
bq	Banque BNP	0	20230516	51210000	BANQUE BNP PARIBAS			VIR	20230516	REYNAUD	0,00	604,33						20230516	CH		
bq	Banque BNP	0	20230516	40100000	FOURNISSEURS	FELIS	ELIS	VIR	20230516	ELIS JANV/FEV/MARS	1067,78	0,00	A	20230630				20230516	CH		
bq	Banque BNP	0	20230516	51210000	BANQUE BNP PARIBAS			VIR	20230516	ELIS JANV/FEV/MARS	0,00	1067,78						20230516	CH		
bq	Banque BNP	0	20230516	40100000	FOURNISSEURS	FITFOOD	ITALIAN FOOD	VIR	20230516	ITALIAN FOOD MARS	1517,25	0,00	A	20230516				20230516	CH		
bq	Banque BNP	0	20230516	51210000	BANQUE BNP PARIBAS			VIR	20230516	ITALIAN FOOD	0,00	1517,25						20230516	CH		
bq	Banque BNP	0	20230516	43100000	SECURITE SOCIALE			PRLV	20230516	URSSAF AVR	1606,00	0,00						20230516	CH		
bq	Banque BNP	0	20230516	51210000	BANQUE BNP PARIBAS			PRLV	20230516	URSSAF	0,00	1606,00						20230516	CH		
bq	Banque BNP	0	20230516	41100000	CLIENTS	CCB	RECETTE CB	REM CB	20230516	RECETTE CB	0,00	746,56						20230516	CH		
bq	Banque BNP	0	20230516	51210000	BANQUE BNP PARIBAS			REM CB	20230516	RECETTE CB	746,56	0,00						20230516	CH		
bq	Banque BNP	0	20230517	41100000	CLIENTS	CCB	RECETTE CB	REM CB	20230517	RECETTE CB	0,00	962,13						20230517	CH		
bq	Banque BNP	0	20230517	51210000	BANQUE BNP PARIBAS			REM CB	20230517	RECETTE CB	962,13	0,00						20230517	CH		
bq	Banque BNP	0	20230519	41100000	CLIENTS	CCB	RECETTE CB	REM CB	20230519	RECETTE CB	0,00	1615,02						20230519	CH		
bq	Banque BNP	0	20230519	51210000	BANQUE BNP PARIBAS			REM CB	20230519	RECETTE CB	1615,02	0,00						20230519	CH		
bq	Banque BNP	0	20230519	41100000	CLIENTS	CCB	RECETTE CB	REM CB	20230519	RECETTE CB	0,00	885,80						20230519	CH		
bq	Banque BNP	0	20230519	51210000	BANQUE BNP PARIBAS			REM CB	20230519	RECETTE CB	885,80	0,00						20230519	CH		
bq	Banque BNP	0	20230522	40100000	FOURNISSEURS	FPIERRE	PIERRE LINDON	VIR	20230522	PIERRE LINDON	1104,00	0,00	A	20230522				20230522	CH		
bq	Banque BNP	0	20230522	51210000	BANQUE BNP PARIBAS			VIR	20230522	PIERRE LINDON	0,00	1104,00						20230522	CH		
bq	Banque BNP	0	20230522	41100000	CLIENTS	CCB	RECETTE CB	REM CB	20230522	RECETTE CB	0,00	1637,31						20230522	CH		
bq	Banque BNP	0	20230522	51210000	BANQUE BNP PARIBAS			REM CB	20230522	RECETTE CB	1637,31	0,00						20230522	CH		
bq	Banque BNP	0	20230523	44210000	PAS			PRLV	20230523	PAS	21,00	0,00						20230523	CH		
bq	Banque BNP	0	20230523	51210000	BANQUE BNP PARIBAS			PRLV	20230523	PAS	0,00	21,00						20230523	CH		
bq	Banque BNP	0	20230523	41100000	CLIENTS	CCB	RECETTE CB	REM CB	20230523	RECETTE CB	0,00	511,30						20230523	CH		
bq	Banque BNP	0	20230523	51210000	BANQUE BNP PARIBAS			REM CB	20230523	RECETTE CB	511,30	0,00						20230523	CH		
bq	Banque BNP	0	20230523	41100000	CLIENTS	CCB	RECETTE CB	REM CB	20230523	RECETTE CB	0,00	872,87						20230523	CH		
bq	Banque BNP	0	20230523	51210000	BANQUE BNP PARIBAS			REM CB	20230523	RECETTE CB	872,87	0,00						20230523	CH		
bq	Banque BNP	0	20230524	40100000	FOURNISSEURS	FEDF	EDF	PRLV	20230524	EDF	64,15	0,00	C	20230524				20230524	CH		
bq	Banque BNP	0	20230524	51210000	BANQUE BNP PARIBAS			PRLV	20230524	EDF	0,00	64,15						20230524	CH		
bq	Banque BNP	0	20230524	44551000	ETAT TVA A DECAISSER			PRLV	20230524	TVA 05/2023	2080,00	0,00	D	20230524				20230524	CH		
bq	Banque BNP	0	20230524	51210000	BANQUE BNP PARIBAS			PRLV	20230524	TVA 05/2023	0,00	2080,00						20230524	CH		
bq	Banque BNP	0	20230525	41100000	CLIENTS	CCB	RECETTE CB	REM CB	20230525	RECETTE CB	0,00	788,32						20230525	CH		
bq	Banque BNP	0	20230525	51210000	BANQUE BNP PARIBAS			REM CB	20230525	RECETTE CB	788,32	0,00						20230525	CH		
bq	Banque BNP	0	20230525	43750000	RETRAITE NON CADRE			PRLV	20230525	KLESIA RETRAITE	396,28	0,00						20230525	CH		
bq	Banque BNP	0	20230525	51210000	BANQUE BNP PARIBAS			PRLV	20230525	KLESIA RETRAITE	0,00	396,28						20230525	CH		
bq	Banque BNP	0	20230526	41100000	CLIENTS	CCB	RECETTE CB	REM CB	20230526	RECETTE CB	0,00	742,08						20230526	CH		
bq	Banque BNP	0	20230526	51210000	BANQUE BNP PARIBAS			REM CB	20230526	RECETTE CB	742,08	0,00						20230526	CH		
bq	Banque BNP	0	20230526	45500000	C/C TORRE GIUSEPPE			VIR	20230526	C/C GIUSEPPE REMBST	1226,00	0,00						20230526	CH		
bq	Banque BNP	0	20230526	51210000	BANQUE BNP PARIBAS			VIR	20230526	C/C GIUSEPPE REMBST	0,00	1226,00						20230526	CH		
bq	Banque BNP	0	20230526	45500000	C/C TORRE GIUSEPPE			VIR	20230526	C/C GIUSEPPE REMBST	67000,00	0,00						20230526	CH		
bq	Banque BNP	0	20230526	51210000	BANQUE BNP PARIBAS			VIR	20230526	C/C GIUSEPPE REMBST	0,00	67000,00						20230526	CH		
bq	Banque BNP	0	20230530	41100000	CLIENTS	CCB	RECETTE CB	REM CB	20230530	RECETTE CB	0,00	277,93						20230530	CH		
bq	Banque BNP	0	20230530	51210000	BANQUE BNP PARIBAS			REM CB	20230530	RECETTE CB	277,93	0,00						20230530	CH		
bq	Banque BNP	0	20230530	41100000	CLIENTS	CCB	RECETTE CB	REM CB	20230530	RECETTE CB	0,00	1148,75						20230530	CH		
bq	Banque BNP	0	20230530	51210000	BANQUE BNP PARIBAS			REM CB	20230530	RECETTE CB	1148,75	0,00						20230530	CH		
bq	Banque BNP	0	20230530	41100000	CLIENTS	CCB	RECETTE CB	REM CB	20230530	RECETTE CB	0,00	2254,80						20230530	CH		
bq	Banque BNP	0	20230530	51210000	BANQUE BNP PARIBAS			REM CB	20230530	RECETTE CB	2254,80	0,00						20230530	CH		
bq	Banque BNP	0	20230530	62700000	SERVICES BANCAIRES ET ASSIMILES			PRLV	20230530	PREFILOC CAPITAL	33,60	0,00						20230530	CH		
bq	Banque BNP	0	20230530	51210000	BANQUE BNP PARIBAS			PRLV	20230530	PREFILOC CAPITAL	0,00	33,60						20230530	CH		
bq	Banque BNP	0	20230530	40100000	FOURNISSEURS	FELIS	ELIS	PRLV	20230530	ROBERT DISTRIBUTION/ELIDIS	386,40	0,00	A	20230630				20230530	CH		
bq	Banque BNP	0	20230530	51210000	BANQUE BNP PARIBAS			PRLV	20230530	ROBERT DISTRIBUTION	0,00	386,40						20230530	CH		
bq	Banque BNP	0	20230530	41100000	CLIENTS	CCB	RECETTE CB	REM CB	20230530	RECETTE CB	0,00	317,08						20230530	CH		
bq	Banque BNP	0	20230530	51210000	BANQUE BNP PARIBAS			REM CB	20230530	RECETTE CB	317,08	0,00						20230530	CH		
bq	Banque BNP	0	20230531	41100000	CLIENTS	CCB	RECETTE CB	REM CB	20230531	RECETTE CB	0,00	874,13						20230531	CH		
bq	Banque BNP	0	20230531	51210000	BANQUE BNP PARIBAS			REM CB	20230531	RECETTE CB	874,13	0,00						20230531	CH		
od	Opérations diverses	0	20230531	44571190	TVA COLLECTEE 20%			05/2023	20230531	TVA 05/2023	1472,00	0,00						20230531	CH		
od	Opérations diverses	0	20230531	44571010	TVA COLLECTEE 10%			05/2023	20230531	TVA 05/2023	2058,00	0,00						20230531	CH		
od	Opérations diverses	0	20230531	44566000	ETAT TVA SUR AUTRES BIENS ET SERVICES			05/2023	20230531	TVA 05/2023	0,00	1356,00						20230531	CH		
od	Opérations diverses	0	20230531	44551000	ETAT TVA A DECAISSER			05/2023	20230531	TVA 05/2023	0,00	2174,00						20230531	CH		
od	Opérations diverses	0	20230528	64100000	REMUNERATIONS DU PERSONNEL			05/2023	20230528	OD SALAIRE 	7768,41	0,00						20230528	CH		
od	Opérations diverses	0	20230528	64140000	PERS INDEMNITES ET AVANTAGES DIVERS			05/2023	20230528	OD SALAIRE 	209,78	0,00						20230528	CH		
od	Opérations diverses	0	20230528	43100000	SECURITE SOCIALE			05/2023	20230528	OD SALAIRE 	0,00	1092,80						20230528	CH		
od	Opérations diverses	0	20230528	44210000	PAS			05/2023	20230528	OD SALAIRE 	0,00	7,83						20230528	CH		
od	Opérations diverses	0	20230528	43750000	RETRAITE NON CADRE			05/2023	20230528	OD SALAIRE 	0,00	319,93						20230528	CH		
od	Opérations diverses	0	20230528	43720000	GROUPE MORNAY			05/2023	20230528	OD SALAIRE 	0,00	22,65						20230528	CH		
od	Opérations diverses	0	20230528	43720000	GROUPE MORNAY			05/2023	20230528	OD SALAIRE 	0,00	124,10						20230528	CH		
od	Opérations diverses	0	20230528	79100000	TRANSF.CHARGES D'EXPLOITATION			05/2023	20230528	OD SALAIRE avantages repas	0,00	209,78						20230528	CH		
od	Opérations diverses	0	20230528	64140000	PERS INDEMNITES ET AVANTAGES DIVERS			05/2023	20230528	OD SALAIRE navigo	57,05	0,00						20230528	CH		
od	Opérations diverses	0	20230528	42103700	NDIAYE BADO			05/2023	20230528	NDIAYE DIALLO Fatoumata	0,00	2650,96	G	20230605				20230528	CH		
od	Opérations diverses	0	20230528	42100300	PITZUS LEONARDO			05/2023	20230528	PITZUS LEONARDO	77,79	0,00						20230528	CH		
od	Opérations diverses	0	20230528	42100300	PITZUS LEONARDO			05/2023	20230528	PITZUS LEONARDO trop percu	0,00	58,42						20230528	CH		
od	Opérations diverses	0	20230528	42100000	PERS REMUNERATIONS DUES	SGUISSE	GUISSE Oumar	05/2023	20230528	GUISSE Oumar	0,00	1726,05	B	20230605				20230528	CH		
od	Opérations diverses	0	20230528	42100000	PERS REMUNERATIONS DUES	SALEXAND	ALEXANDRE VARTOUKIAN	05/2023	20230528	ALEXANDRE VARTOUKIAN	0,00	1747,00	C	20230605				20230528	CH		
od	Opérations diverses	0	20230528	42103700	NDIAYE BADO			05/2023	20230528	NDIAYE DIALLO Fatoumata	0,00	153,51	F	20230605				20230528	CH		
od	Opérations diverses	0	20230528	43720000	GROUPE MORNAY			05/2023	20230528	OD SALAIRE CS PP MUT	0,00	194,50						20230528	CH		
od	Opérations diverses	0	20230528	64520000	PERS COTISATIONS AUX MUTUELLES			05/2023	20230528	OD SALAIRE CS PP MUT	194,50	0,00						20230528	CH		
od	Opérations diverses	0	20230528	43720000	GROUPE MORNAY			05/2023	20230528	OD SALAIRE CS PP PREV	0,00	22,65						20230528	CH		
od	Opérations diverses	0	20230528	64520000	PERS COTISATIONS AUX MUTUELLES			05/2023	20230528	OD SALAIRE CS PP PREV	22,65	0,00						20230528	CH		
od	Opérations diverses	0	20230528	43100000	SECURITE SOCIALE			05/2023	20230528	OD SALAIRE CS PP 	0,00	1077,91						20230528	CH		
od	Opérations diverses	0	20230528	64510000	PERS COTISATIONS A L'URSSAF			05/2023	20230528	OD SALAIRE CS PP 	1077,91	0,00						20230528	CH		
od	Opérations diverses	0	20230530	43750000	RETRAITE NON CADRE			05/2023	20230530	OD SALAIRE CS PP RETRAITE	0,00	216,94						20230530	CH		
od	Opérations diverses	0	20230530	64530000	PERS COTISATIONS CAISSES DE RETRAITE			05/2023	20230530	OD SALAIRE CS PP RETRAITE	216,94	0,00						20230530	CH		
od	Opérations diverses	0	20230503	65800000	CHARGES DIV.GESTION COURANTE			06/2024	20230503	Ecart de règlement ALEXANDRE VARTOUKIAN	20,55	0,00						20230503	CH		
od	Opérations diverses	0	20230503	42100000	PERS REMUNERATIONS DUES	SALEXAND	ALEXANDRE VARTOUKIAN	06/2024	20230503	Ecart de règlement ALEXANDRE VARTOUKIAN	0,00	20,55	B	20230503				20230503	CH		
ca	Caisse	0	20230502	40100000	FOURNISSEURS	FVERGER	VERGER ST PAUL	05/08	20230502	VERGER ST PAUL	11,72	0,00	J	20230502				20230502	CH		
ca	Caisse	0	20230502	53000000	CAISSE			05/08	20230502	VERGER ST PAUL	0,00	11,72						20230502	CH		
ca	Caisse	0	20230509	40100000	FOURNISSEURS	FDIVERS	DIVERS	05/09	20230509	SUPERMARCHE	12,93	0,00	AX	20230509				20230509	CH		
ca	Caisse	0	20230509	53000000	CAISSE			05/09	20230509	SUPERMARCHE	0,00	12,93						20230509	CH		
ca	Caisse	0	20230503	40100000	FOURNISSEURS	FDIVERS	DIVERS	05/10	20230503	FRANPRIX	3,90	0,00	AW	20230503				20230503	CH		
ca	Caisse	0	20230503	53000000	CAISSE			05/10	20230503	FRANPRIX	0,00	3,90						20230503	CH		
ca	Caisse	0	20230505	40100000	FOURNISSEURS	FDIVERS	DIVERS	05/11	20230505	HALLES 3000	13,79	0,00	AY	20230510				20230505	CH		
ca	Caisse	0	20230505	53000000	CAISSE			05/11	20230505	HALLES 3000	0,00	13,79						20230505	CH		
ca	Caisse	0	20230531	40100000	FOURNISSEURS	FDIVERS	DIVERS	05/12	20230531	FRANPRIX	3,20	0,00	BA	20230531				20230531	CH		
ca	Caisse	0	20230531	53000000	CAISSE			05/12	20230531	FRANPRIX	0,00	3,20						20230531	CH		
ca	Caisse	0	20230513	40100000	FOURNISSEURS	FVERGER	VERGER ST PAUL	05/13	20230513	VERGER ST PAUL	6,48	0,00	K	20230513				20230513	CH		
ca	Caisse	0	20230513	53000000	CAISSE			05/13	20230513	VERGER ST PAUL	0,00	6,48						20230513	CH		
ca	Caisse	0	20230513	40100000	FOURNISSEURS	FDIVERS	DIVERS	05/14	20230513	SUPERMARCHE	8,42	0,00	AZ	20230513				20230513	CH		
ca	Caisse	0	20230513	53000000	CAISSE			05/14	20230513	SUPERMARCHE	0,00	8,42						20230513	CH		
ca	Caisse	0	20230527	40100000	FOURNISSEURS	FDIVERS	DIVERS	05/15	20230527	SUPERMARCHE	6,30	0,00	BE	20230527				20230527	CH		
ca	Caisse	0	20230527	53000000	CAISSE			05/15	20230527	SUPERMARCHE	0,00	6,30						20230527	CH		
ca	Caisse	0	20230527	40100000	FOURNISSEURS	FDIVERS	DIVERS	05/16	20230527	CITY	25,56	0,00	BC	20230527				20230527	CH		
ca	Caisse	0	20230527	53000000	CAISSE			05/16	20230527	CITY	0,00	25,56						20230527	CH		
ca	Caisse	0	20230527	40100000	FOURNISSEURS	FDIVERS	DIVERS	05/17	20230527	LA GLACIERE DE PARIS	20,00	0,00	BD	20230527				20230527	CH		
ca	Caisse	0	20230527	53000000	CAISSE			05/17	20230527	LA GLACIERE DE PARIS	0,00	20,00						20230527	CH		
ac	Achats	0	20230627	40100000	FOURNISSEURS	FLOYER	SUMATRA	07/2023	20230627	SUMATRA	0,00	4643,50						20230627	CH		
ac	Achats	0	20230627	61320000	LOCATIONS IMMOBILIERES			07/2023	20230627	SUMATRA	3749,59	0,00						20230627	CH		
ac	Achats	0	20230627	61400000	CHARGES LOCATIVES ET COPROPRIETE			07/2023	20230627	SUMATRA	120,00	0,00						20230627	CH		
ac	Achats	0	20230627	44566000	ETAT TVA SUR AUTRES BIENS ET SERVICES			07/2023	20230627	SUMATRA	773,91	0,00						20230627	CH		
ac	Achats	0	20230616	40100000	FOURNISSEURS	FANNE	ANNE-FRANCE ROUX	FNP	20230616	ANNE-FRANCE ROUX	0,00	3139,90	C	20230616				20230616	CH		
ac	Achats	0	20230616	62260000	HONORAIRES			FNP	20230616	ANNE-FRANCE ROUX	2616,58	0,00						20230616	CH		
ac	Achats	0	20230616	44566000	ETAT TVA SUR AUTRES BIENS ET SERVICES			FNP	20230616	ANNE-FRANCE ROUX	523,32	0,00						20230616	CH		
ac	Achats	0	20230630	40100000	FOURNISSEURS	FAPAS	A 2 PAS	FNP	20230630	A 2 PAS	0,00	130,63	D	20230630				20230630	CH		
ac	Achats	0	20230630	60100000	ACHATS MATIERES PREMIERES			FNP	20230630	A 2 PAS	130,63	0,00						20230630	CH		
ac	Achats	0	20230630	40100000	FOURNISSEURS	FCAP	CAP IMPRESSION	FNP	20230630	CAP IMPRESSION	0,00	1023,60	B	20230630				20230630	CH		
ac	Achats	0	20230630	62300000	PUBLICITE PUBLICATIONS REL PUBLIQUES			FNP	20230630	CAP IMPRESSION	853,00	0,00						20230630	CH		
ac	Achats	0	20230630	44566000	ETAT TVA SUR AUTRES BIENS ET SERVICES			FNP	20230630	CAP IMPRESSION	170,60	0,00						20230630	CH		
ac	Achats	0	20230623	40100000	FOURNISSEURS	FPIERRE	PIERRE LINDON	FNP	20230623	PIERRE LINDON	0,00	1884,00	B	20230623				20230623	CH		
ac	Achats	0	20230623	62100000	PERSONNEL EXTERIEUR A L'ENTREPRISE			FNP	20230623	PIERRE LINDON	1884,00	0,00						20230623	CH		
ac	Achats	0	20230630	40100000	FOURNISSEURS	FREYNAUD	REYNAUD	FNP	20230630	REYNAUD	0,00	7044,99	A	20230630				20230630	CH		
ac	Achats	0	20230630	60100000	ACHATS MATIERES PREMIERES			FNP	20230630	REYNAUD	6677,72	0,00						20230630	CH		
ac	Achats	0	20230630	44566000	ETAT TVA SUR AUTRES BIENS ET SERVICES			FNP	20230630	REYNAUD	367,27	0,00						20230630	CH		
ac	Achats	0	20230630	40100000	FOURNISSEURS	FELIS	ELIS	FNP	20230630	ELIS	0,00	5477,65	A	20230630				20230630	CH		
ac	Achats	0	20230630	60100000	ACHATS MATIERES PREMIERES			FNP	20230630	ELIS	4564,71	0,00						20230630	CH		
ac	Achats	0	20230630	44566000	ETAT TVA SUR AUTRES BIENS ET SERVICES			FNP	20230630	ELIS	912,94	0,00						20230630	CH		
ac	Achats	0	20230630	40100000	FOURNISSEURS	FENGIE	ENGIE	FNP	20230630	ENGIE	0,00	944,76	A	20230630				20230630	CH		
ac	Achats	0	20230630	60630000	ACHATS FOURN.ENTRET.PETIT EQUIPEMENT			FNP	20230630	ENGIE	787,30	0,00						20230630	CH		
ac	Achats	0	20230630	44566000	ETAT TVA SUR AUTRES BIENS ET SERVICES			FNP	20230630	ENGIE	157,46	0,00						20230630	CH		
ac	Achats	0	20230630	40100000	FOURNISSEURS	FITFOOD	ITALIAN FOOD	FNP	20230630	ITALIAN FOOD	0,00	10610,69	C	20230630				20230630	CH		
ac	Achats	0	20230630	60100000	ACHATS MATIERES PREMIERES			FNP	20230630	ITALIAN FOOD	10057,53	0,00						20230630	CH		
ac	Achats	0	20230630	44566000	ETAT TVA SUR AUTRES BIENS ET SERVICES			FNP	20230630	ITALIAN FOOD	553,16	0,00						20230630	CH		
ac	Achats	0	20230630	40100000	FOURNISSEURS	FMEREGAL	MEREGALLI	FNP	20230630	MEREGALLI	0,00	6894,26						20230630	CH		
ac	Achats	0	20230630	60100000	ACHATS MATIERES PREMIERES			FNP	20230630	MEREGALLI	5745,22	0,00						20230630	CH		
ac	Achats	0	20230630	44566000	ETAT TVA SUR AUTRES BIENS ET SERVICES			FNP	20230630	MEREGALLI	1149,04	0,00						20230630	CH		
ac	Achats	0	20230616	40100000	FOURNISSEURS	FNATHAN	NATHAN IFERGAN	FNP	20230616	NATHAN IFERGAN	0,00	1260,00						20230616	CH		
ac	Achats	0	20230616	62260000	HONORAIRES			FNP	20230616	NATHAN IFERGAN	1050,00	0,00						20230616	CH		
ac	Achats	0	20230616	44566000	ETAT TVA SUR AUTRES BIENS ET SERVICES			FNP	20230616	NATHAN IFERGAN	210,00	0,00						20230616	CH		
ac	Achats	0	20230630	40100000	FOURNISSEURS	FORANGE	ORANGE	FNP	20230630	ORANGE	0,00	392,30						20230630	CH		
ac	Achats	0	20230630	62600000	FRAIS POSTAUX & TELECOMMUNICATIONS			FNP	20230630	ORANGE	326,92	0,00						20230630	CH		
ac	Achats	0	20230630	44566000	ETAT TVA SUR AUTRES BIENS ET SERVICES			FNP	20230630	ORANGE	65,38	0,00						20230630	CH		
ac	Achats	0	20230630	40100000	FOURNISSEURS	FLOYER	SUMATRA	FNP	20230630	SUMATRA	0,00	11771,28						20230630	CH		
ac	Achats	0	20230630	61320000	LOCATIONS IMMOBILIERES			FNP	20230630	SUMATRA	9569,40	0,00						20230630	CH		
ac	Achats	0	20230630	61400000	CHARGES LOCATIVES ET COPROPRIETE			FNP	20230630	SUMATRA	240,00	0,00						20230630	CH		
ac	Achats	0	20230630	44566000	ETAT TVA SUR AUTRES BIENS ET SERVICES			FNP	20230630	SUMATRA	1961,88	0,00						20230630	CH		
ve	Ventes	0	20230630	41100000	CLIENTS	CCB	RECETTE CB	06/2023	20230630	RECETTE CB 06/2023	29108,00	0,00						20230630	CH		
ve	Ventes	0	20230630	41100000	CLIENTS	CESP	RECETTE ESPECES	06/2023	20230630	RECETTE ESPECES 06/2023	1370,50	0,00						20230630	CH		
ve	Ventes	0	20230630	70101000	VENTES PF 20%			06/2023	20230630	VENTES PF 20% 06/2023	0,00	5916,18						20230630	CH		
ve	Ventes	0	20230630	44571190	TVA COLLECTEE 20%			06/2023	20230630	TVA COLLECTEE 20% 06/2023	0,00	1183,24						20230630	CH		
ve	Ventes	0	20230630	70101100	VENTES PF 10%			06/2023	20230630	VENTES PF 10% 06/2023	0,00	21253,71						20230630	CH		
ve	Ventes	0	20230630	44571010	TVA COLLECTEE 10%			06/2023	20230630	TVA COLLECTEE 10% 06/2023	0,00	2125,37						20230630	CH		
bq	Banque BNP	0	20230601	62700000	SERVICES BANCAIRES ET ASSIMILES			CB	20230601	ICORPORATE CARD	919,68	0,00						20230601	CH		
bq	Banque BNP	0	20230601	51210000	BANQUE BNP PARIBAS			CB	20230601	ICORPORATE CARD	0,00	919,68						20230601	CH		
bq	Banque BNP	0	20230602	41100000	CLIENTS	CCB	RECETTE CB	REM CB	20230602	RECETTE CB	0,00	1153,12						20230602	CH		
bq	Banque BNP	0	20230602	51210000	BANQUE BNP PARIBAS			REM CB	20230602	RECETTE CB	1153,12	0,00						20230602	CH		
bq	Banque BNP	0	20230602	40100000	FOURNISSEURS	FENGIE	ENGIE	PRLV	20230602	ENGIE	193,12	0,00	A	20230630				20230602	CH		
bq	Banque BNP	0	20230602	51210000	BANQUE BNP PARIBAS			PRLV	20230602	ENGIE	0,00	193,12						20230602	CH		
bq	Banque BNP	0	20230602	62700000	SERVICES BANCAIRES ET ASSIMILES			PRLV	20230602	COMMISSIONS	108,80	0,00						20230602	CH		
bq	Banque BNP	0	20230602	51210000	BANQUE BNP PARIBAS			PRLV	20230602	COMMISSIONS	0,00	108,80						20230602	CH		
bq	Banque BNP	0	20230605	42103700	NDIAYE BADO			VIR	20230605	NDIAYE DIALLO Fatoumata MAI	153,51	0,00	F	20230605				20230605	CH		
bq	Banque BNP	0	20230605	51210000	BANQUE BNP PARIBAS			VIR	20230605	NDIAYE DIALLO Fatoumata MAI	0,00	153,51						20230605	CH		
bq	Banque BNP	0	20230605	42100000	PERS REMUNERATIONS DUES	SGUISSE	GUISSE Oumar	VIR	20230605	GUISSE Oumar MAI	1726,05	0,00	B	20230605				20230605	CH		
bq	Banque BNP	0	20230605	51210000	BANQUE BNP PARIBAS			VIR	20230605	GUISSE Oumar MAI	0,00	1726,05						20230605	CH		
bq	Banque BNP	0	20230605	42100000	PERS REMUNERATIONS DUES	SALEXAND	ALEXANDRE VARTOUKIAN	VIR	20230605	ALEXANDRE VARTOUKIAN MAI	1747,00	0,00	C	20230605				20230605	CH		
bq	Banque BNP	0	20230605	51210000	BANQUE BNP PARIBAS			VIR	20230605	ALEXANDRE VARTOUKIAN MAI	0,00	1747,00						20230605	CH		
bq	Banque BNP	0	20230605	42103700	NDIAYE BADO			VIR	20230605	NDIAYE DIALLO Fatoumata MAI	2650,96	0,00	G	20230605				20230605	CH		
bq	Banque BNP	0	20230605	51210000	BANQUE BNP PARIBAS			VIR	20230605	NDIAYE DIALLO Fatoumata MAI	0,00	2650,96						20230605	CH		
bq	Banque BNP	0	20230605	41100000	CLIENTS	CCB	RECETTE CB	REM CB	20230605	RECETTE CB	0,00	92,80						20230605	CH		
bq	Banque BNP	0	20230605	51210000	BANQUE BNP PARIBAS			REM CB	20230605	RECETTE CB	92,80	0,00						20230605	CH		
bq	Banque BNP	0	20230605	41100000	CLIENTS	CCB	RECETTE CB	REM CB	20230605	RECETTE CB	0,00	1118,61						20230605	CH		
bq	Banque BNP	0	20230605	51210000	BANQUE BNP PARIBAS			REM CB	20230605	RECETTE CB	1118,61	0,00						20230605	CH		
bq	Banque BNP	0	20230605	41100000	CLIENTS	CCB	RECETTE CB	REM CB	20230605	RECETTE CB	0,00	1507,80						20230605	CH		
bq	Banque BNP	0	20230605	51210000	BANQUE BNP PARIBAS			REM CB	20230605	RECETTE CB	1507,80	0,00						20230605	CH		
bq	Banque BNP	0	20230605	40100000	FOURNISSEURS	FORANGE	ORANGE	PRLV	20230605	ORANGE	62,40	0,00						20230605	CH		
bq	Banque BNP	0	20230605	51210000	BANQUE BNP PARIBAS			PRLV	20230605	ORANGE	0,00	62,40						20230605	CH		
bq	Banque BNP	0	20230607	41100000	CLIENTS	CCB	RECETTE CB	REM CB	20230607	RECETTE CB	0,00	925,61						20230607	CH		
bq	Banque BNP	0	20230607	51210000	BANQUE BNP PARIBAS			REM CB	20230607	RECETTE CB	925,61	0,00						20230607	CH		
bq	Banque BNP	0	20230607	16420000	PGE 46000			PRLV	20230607	ECH PRET	997,98	0,00						20230607	CH		
bq	Banque BNP	0	20230607	51210000	BANQUE BNP PARIBAS			PRLV	20230607	ECH PRET	0,00	997,98						20230607	CH		
bq	Banque BNP	0	20230607	41100000	CLIENTS	CCB	RECETTE CB	REM CB	20230607	RECETTE CB	0,00	1211,17						20230607	CH		
bq	Banque BNP	0	20230607	51210000	BANQUE BNP PARIBAS			REM CB	20230607	RECETTE CB	1211,17	0,00						20230607	CH		
bq	Banque BNP	0	20230609	41100000	CLIENTS	CCB	RECETTE CB	REM CB	20230609	RECETTE CB	0,00	1230,10						20230609	CH		
bq	Banque BNP	0	20230609	51210000	BANQUE BNP PARIBAS			REM CB	20230609	RECETTE CB	1230,10	0,00						20230609	CH		
bq	Banque BNP	0	20230609	41100000	CLIENTS	CCB	RECETTE CB	REM CB	20230609	RECETTE CB	0,00	1298,50						20230609	CH		
bq	Banque BNP	0	20230609	51210000	BANQUE BNP PARIBAS			REM CB	20230609	RECETTE CB	1298,50	0,00						20230609	CH		
bq	Banque BNP	0	20230612	41100000	CLIENTS	CCB	RECETTE CB	REM CB	20230612	RECETTE CB	0,00	601,04						20230612	CH		
bq	Banque BNP	0	20230612	51210000	BANQUE BNP PARIBAS			REM CB	20230612	RECETTE CB	601,04	0,00						20230612	CH		
bq	Banque BNP	0	20230612	41100000	CLIENTS	CCB	RECETTE CB	REM CB	20230612	RECETTE CB	0,00	1996,08						20230612	CH		
bq	Banque BNP	0	20230612	51210000	BANQUE BNP PARIBAS			REM CB	20230612	RECETTE CB	1996,08	0,00						20230612	CH		
bq	Banque BNP	0	20230612	41100000	CLIENTS	CCB	RECETTE CB	REM CB	20230612	RECETTE CB	0,00	971,86						20230612	CH		
bq	Banque BNP	0	20230612	51210000	BANQUE BNP PARIBAS			REM CB	20230612	RECETTE CB	971,86	0,00						20230612	CH		
bq	Banque BNP	0	20230614	40100000	FOURNISSEURS	FREYNAUD	REYNAUD	VIR	20230614	REYNAUD AVRIL	1449,64	0,00	A	20230630				20230614	CH		
bq	Banque BNP	0	20230614	51210000	BANQUE BNP PARIBAS			VIR	20230614	REYNAUD AVRIL	0,00	1449,64						20230614	CH		
bq	Banque BNP	0	20230614	40100000	FOURNISSEURS	FITFOOD	ITALIAN FOOD	VIR	20230614	ITALIAN FOOD	3912,10	0,00	B	20230614				20230614	CH		
bq	Banque BNP	0	20230614	51210000	BANQUE BNP PARIBAS			VIR	20230614	ITALIAN FOOD	0,00	3912,10						20230614	CH		
bq	Banque BNP	0	20230614	40100000	FOURNISSEURS	FLOYER	SUMATRA	VIR	20230614	SUMATRA JUIN	4643,50	0,00						20230614	CH		
bq	Banque BNP	0	20230614	51210000	BANQUE BNP PARIBAS			VIR	20230614	SUMATRA JUIN	0,00	4643,50						20230614	CH		
bq	Banque BNP	0	20230614	40100000	FOURNISSEURS	FMEREGAL	MEREGALLI	VIR	20230614	MEREGALLI FEVRIER	5683,69	0,00						20230614	CH		
bq	Banque BNP	0	20230614	51210000	BANQUE BNP PARIBAS			VIR	20230614	MEREGALLI FEVRIER	0,00	5683,69						20230614	CH		
bq	Banque BNP	0	20230614	41100000	CLIENTS	CCB	RECETTE CB	REM CB	20230614	RECETTE CB	0,00	1266,92						20230614	CH		
bq	Banque BNP	0	20230614	51210000	BANQUE BNP PARIBAS			REM CB	20230614	RECETTE CB	1266,92	0,00						20230614	CH		
bq	Banque BNP	0	20230615	40100000	FOURNISSEURS	FELIS	ELIS	PRLV	20230615	ROBERT DISTRIBUTION ELIDIS	347,65	0,00	A	20230630				20230615	CH		
bq	Banque BNP	0	20230615	51210000	BANQUE BNP PARIBAS			PRLV	20230615	ROBERT DISTRIBUTION ELIDIS	0,00	347,65						20230615	CH		
bq	Banque BNP	0	20230616	41100000	CLIENTS	CCB	RECETTE CB	REM CB	20230616	RECETTE CB	0,00	979,05						20230616	CH		
bq	Banque BNP	0	20230616	51210000	BANQUE BNP PARIBAS			REM CB	20230616	RECETTE CB	979,05	0,00						20230616	CH		
bq	Banque BNP	0	20230616	40100000	FOURNISSEURS	FNATHAN	NATHAN IFERGAN	PRLV	20230616	NATHAN IFERGAN	1260,00	0,00						20230616	CH		
bq	Banque BNP	0	20230616	51210000	BANQUE BNP PARIBAS			PRLV	20230616	NATHAN IFERGAN	0,00	1260,00						20230616	CH		
bq	Banque BNP	0	20230616	43100000	SECURITE SOCIALE			PRLV	20230616	URSSAF MAI	2170,00	0,00						20230616	CH		
bq	Banque BNP	0	20230616	51210000	BANQUE BNP PARIBAS			PRLV	20230616	URSSAF MAI	0,00	2170,00						20230616	CH		
bq	Banque BNP	0	20230616	40100000	FOURNISSEURS	FANNE	ANNE-FRANCE ROUX	VIR	20230616	ANNE-FRANCE ROUX	3139,90	0,00	C	20230616				20230616	CH		
bq	Banque BNP	0	20230616	51210000	BANQUE BNP PARIBAS			VIR	20230616	ANNE-FRANCE ROUX	0,00	3139,90						20230616	CH		
bq	Banque BNP	0	20230616	41100000	CLIENTS	CCB	RECETTE CB	REM CB	20230616	RECETTE CB	0,00	1069,57						20230616	CH		
bq	Banque BNP	0	20230616	51210000	BANQUE BNP PARIBAS			REM CB	20230616	RECETTE CB	1069,57	0,00						20230616	CH		
bq	Banque BNP	0	20230619	41100000	CLIENTS	CCB	RECETTE CB	REM CB	20230619	RECETTE CB	0,00	613,15						20230619	CH		
bq	Banque BNP	0	20230619	51210000	BANQUE BNP PARIBAS			REM CB	20230619	RECETTE CB	613,15	0,00						20230619	CH		
bq	Banque BNP	0	20230619	41100000	CLIENTS	CCB	RECETTE CB	REM CB	20230619	RECETTE CB	0,00	2000,26						20230619	CH		
bq	Banque BNP	0	20230619	51210000	BANQUE BNP PARIBAS			REM CB	20230619	RECETTE CB	2000,26	0,00						20230619	CH		
bq	Banque BNP	0	20230620	41100000	CLIENTS	CESP	RECETTE ESPECES	ESP	20230620	ESP	0,00	3245,00						20230620	CH		
bq	Banque BNP	0	20230620	51210000	BANQUE BNP PARIBAS			ESP	20230620	ESP	3245,00	0,00						20230620	CH		
bq	Banque BNP	0	20230620	41100000	CLIENTS	CCB	RECETTE CB	REM CB	20230620	RECETTE CB	0,00	904,21						20230620	CH		
bq	Banque BNP	0	20230620	51210000	BANQUE BNP PARIBAS			REM CB	20230620	RECETTE CB	904,21	0,00						20230620	CH		
bq	Banque BNP	0	20230621	44210000	PAS			PRLV	20230621	PAS	8,00	0,00						20230621	CH		
bq	Banque BNP	0	20230621	51210000	BANQUE BNP PARIBAS			PRLV	20230621	PAS	0,00	8,00						20230621	CH		
bq	Banque BNP	0	20230621	41100000	CLIENTS	CCB	RECETTE CB	REM CB	20230621	RECETTE CB	0,00	1114,08						20230621	CH		
bq	Banque BNP	0	20230621	51210000	BANQUE BNP PARIBAS			REM CB	20230621	RECETTE CB	1114,08	0,00						20230621	CH		
bq	Banque BNP	0	20230622	44551000	ETAT TVA A DECAISSER			PRLV	20230622	TVA 06/2023	2174,00	0,00						20230622	CH		
bq	Banque BNP	0	20230622	51210000	BANQUE BNP PARIBAS			PRLV	20230622	TVA 06/2023	0,00	2174,00						20230622	CH		
bq	Banque BNP	0	20230622	41100000	CLIENTS	CCB	RECETTE CB	REM CB	20230622	RECETTE CB	0,00	1163,30						20230622	CH		
bq	Banque BNP	0	20230622	51210000	BANQUE BNP PARIBAS			REM CB	20230622	RECETTE CB	1163,30	0,00						20230622	CH		
bq	Banque BNP	0	20230623	40100000	FOURNISSEURS	FPIERRE	PIERRE LINDON	VIR	20230623	PIERRE LINDON	1884,00	0,00	B	20230623				20230623	CH		
bq	Banque BNP	0	20230623	51210000	BANQUE BNP PARIBAS			VIR	20230623	PIERRE LINDON	0,00	1884,00						20230623	CH		
bq	Banque BNP	0	20230626	41100000	CLIENTS	CCB	RECETTE CB	REM CB	20230626	RECETTE CB	0,00	485,48						20230626	CH		
bq	Banque BNP	0	20230626	51210000	BANQUE BNP PARIBAS			REM CB	20230626	RECETTE CB	485,48	0,00						20230626	CH		
bq	Banque BNP	0	20230626	41100000	CLIENTS	CCB	RECETTE CB	REM CB	20230626	RECETTE CB	0,00	1185,40						20230626	CH		
bq	Banque BNP	0	20230626	51210000	BANQUE BNP PARIBAS			REM CB	20230626	RECETTE CB	1185,40	0,00						20230626	CH		
bq	Banque BNP	0	20230626	41100000	CLIENTS	CCB	RECETTE CB	REM CB	20230626	RECETTE CB	0,00	1606,61						20230626	CH		
bq	Banque BNP	0	20230626	51210000	BANQUE BNP PARIBAS			REM CB	20230626	RECETTE CB	1606,61	0,00						20230626	CH		
bq	Banque BNP	0	20230626	43750000	RETRAITE NON CADRE			PRLV	20230626	KLESIA RETRAITE	536,87	0,00						20230626	CH		
bq	Banque BNP	0	20230626	51210000	BANQUE BNP PARIBAS			PRLV	20230626	KLESIA RETRAITE	0,00	536,87						20230626	CH		
bq	Banque BNP	0	20230628	41100000	CLIENTS	CCB	RECETTE CB	REM CB	20230628	RECETTE CB	0,00	870,01						20230628	CH		
bq	Banque BNP	0	20230628	51210000	BANQUE BNP PARIBAS			REM CB	20230628	RECETTE CB	870,01	0,00						20230628	CH		
bq	Banque BNP	0	20230628	41100000	CLIENTS	CCB	RECETTE CB	REM CB	20230628	RECETTE CB	0,00	1417,36						20230628	CH		
bq	Banque BNP	0	20230628	51210000	BANQUE BNP PARIBAS			REM CB	20230628	RECETTE CB	1417,36	0,00						20230628	CH		
bq	Banque BNP	0	20230629	41100000	CLIENTS	CCB	RECETTE CB	REM CB	20230629	RECETTE CB	0,00	830,78						20230629	CH		
bq	Banque BNP	0	20230629	51210000	BANQUE BNP PARIBAS			REM CB	20230629	RECETTE CB	830,78	0,00						20230629	CH		
bq	Banque BNP	0	20230630	62700000	SERVICES BANCAIRES ET ASSIMILES			PRLV	20230630	PREFILOC CAPTITAL ECH	33,60	0,00						20230630	CH		
bq	Banque BNP	0	20230630	51210000	BANQUE BNP PARIBAS			PRLV	20230630	PREFILOC CAPTITAL ECH	0,00	33,60						20230630	CH		
bq	Banque BNP	0	20230630	40100000	FOURNISSEURS	FBOULAN	BOULANGERIE DE RENNES	PRLV	20230630	BOULANGERIE DE RENNES	304,29	0,00	A	20230630				20230630	CH		
bq	Banque BNP	0	20230630	51210000	BANQUE BNP PARIBAS			PRLV	20230630	BOULANGERIE DE RENNES	0,00	304,29						20230630	CH		
bq	Banque BNP	0	20230630	40100000	FOURNISSEURS	FELIS	ELIS	PRLV	20230630	ROBERT DISTRIBUTION	503,24	0,00	A	20230630				20230630	CH		
bq	Banque BNP	0	20230630	51210000	BANQUE BNP PARIBAS			PRLV	20230630	ROBERT DISTRIBUTION	0,00	503,24						20230630	CH		
bq	Banque BNP	0	20230630	40100000	FOURNISSEURS	FELIS	ELIS	PRLV	20230630	ROBERT DISTRIBUTION	734,05	0,00	A	20230630				20230630	CH		
bq	Banque BNP	0	20230630	51210000	BANQUE BNP PARIBAS			PRLV	20230630	ROBERT DISTRIBUTION	0,00	734,05						20230630	CH		
bq	Banque BNP	0	20230630	40100000	FOURNISSEURS	FMVS	SARL MVS	VIR	20230630	SARL MVS AVRIL MAI	963,12	0,00	A	20230630				20230630	CH		
bq	Banque BNP	0	20230630	51210000	BANQUE BNP PARIBAS			VIR	20230630	SARL MVS	0,00	963,12						20230630	CH		
bq	Banque BNP	0	20230630	40100000	FOURNISSEURS	FCAP	CAP IMPRESSION	VIR	20230630	CAP IMPRESSION FAC 230703	1023,60	0,00	B	20230630				20230630	CH		
bq	Banque BNP	0	20230630	51210000	BANQUE BNP PARIBAS			VIR	20230630	CAP IMPRESSION FAC 230703	0,00	1023,60						20230630	CH		
bq	Banque BNP	0	20230630	40100000	FOURNISSEURS	FREYNAUD	REYNAUD	VIR	20230630	REYNAUD	1643,34	0,00	A	20230630				20230630	CH		
bq	Banque BNP	0	20230630	51210000	BANQUE BNP PARIBAS			VIR	20230630	REYNAUD	0,00	1643,34						20230630	CH		
bq	Banque BNP	0	20230630	42100000	PERS REMUNERATIONS DUES	SGUISSE	GUISSE Oumar	VIR	20230630	GUISSE Oumar JUIN	1723,48	0,00	C	20230630				20230630	CH		
bq	Banque BNP	0	20230630	51210000	BANQUE BNP PARIBAS			VIR	20230630	GUISSE Oumar JUIN	0,00	1723,48						20230630	CH		
bq	Banque BNP	0	20230630	42100000	PERS REMUNERATIONS DUES	SALEXAND	ALEXANDRE VARTOUKIAN	VIR	20230630	ALEXANDRE VARTOUKIAN JUIN	1727,13	0,00	D	20230630				20230630	CH		
bq	Banque BNP	0	20230630	51210000	BANQUE BNP PARIBAS			VIR	20230630	ALEXANDRE VARTOUKIAN JUIN	0,00	1727,13						20230630	CH		
bq	Banque BNP	0	20230630	42103700	NDIAYE BADO			VIR	20230630	NDIAYE DIALLO Fatoumata JUIN	2000,86	0,00	H	20230630				20230630	CH		
bq	Banque BNP	0	20230630	51210000	BANQUE BNP PARIBAS			VIR	20230630	NDIAYE DIALLO Fatoumata JUIN	0,00	2000,86						20230630	CH		
bq	Banque BNP	0	20230630	40100000	FOURNISSEURS	FBEAUGRA	BEAUGRAIN	VIR	20230630	BEAUGRAIN avril mai	2311,41	0,00						20230630	CH		
bq	Banque BNP	0	20230630	51210000	BANQUE BNP PARIBAS			VIR	20230630	BEAUGRAIN	0,00	2311,41						20230630	CH		
bq	Banque BNP	0	20230630	40100000	FOURNISSEURS	FITFOOD	ITALIAN FOOD	VIR	20230630	ITALIAN FOOD	3048,29	0,00	C	20230630				20230630	CH		
bq	Banque BNP	0	20230630	51210000	BANQUE BNP PARIBAS			VIR	20230630	ITALIAN FOOD	0,00	3048,29						20230630	CH		
bq	Banque BNP	0	20230630	41100000	CLIENTS	CCB	RECETTE CB	REM CB	20230630	RECETTE CB	0,00	1141,40						20230630	CH		
bq	Banque BNP	0	20230630	51210000	BANQUE BNP PARIBAS			REM CB	20230630	RECETTE CB	1141,40	0,00						20230630	CH		
od	Opérations diverses	0	20230630	44571190	TVA COLLECTEE 20%			06/2023	20230630	TVA 06/2023	1183,00	0,00						20230630	CH		
od	Opérations diverses	0	20230630	44571010	TVA COLLECTEE 10%			06/2023	20230630	TVA 06/2023	2125,00	0,00						20230630	CH		
od	Opérations diverses	0	20230630	44566000	ETAT TVA SUR AUTRES BIENS ET SERVICES			06/2023	20230630	TVA 06/2023	0,00	2951,00						20230630	CH		
od	Opérations diverses	0	20230630	44551000	ETAT TVA A DECAISSER			06/2023	20230630	TVA 06/2023	0,00	357,00						20230630	CH		
od	Opérations diverses	0	20230628	64100000	REMUNERATIONS DU PERSONNEL			06/2023	20230628	OD SALAIRE 	6736,71	0,00						20230628	CH		
od	Opérations diverses	0	20230628	64140000	PERS INDEMNITES ET AVANTAGES DIVERS			06/2023	20230628	OD SALAIRE 	266,64	0,00						20230628	CH		
od	Opérations diverses	0	20230628	43100000	SECURITE SOCIALE			06/2023	20230628	OD SALAIRE 	0,00	941,61						20230628	CH		
od	Opérations diverses	0	20230628	44210000	PAS			06/2023	20230628	OD SALAIRE 	0,00	20,70						20230628	CH		
od	Opérations diverses	0	20230628	43750000	RETRAITE NON CADRE			06/2023	20230628	OD SALAIRE 	0,00	280,84						20230628	CH		
od	Opérations diverses	0	20230628	43720000	GROUPE MORNAY			06/2023	20230628	OD SALAIRE 	0,00	21,88						20230628	CH		
od	Opérations diverses	0	20230628	43720000	GROUPE MORNAY			06/2023	20230628	OD SALAIRE 	0,00	77,26						20230628	CH		
od	Opérations diverses	0	20230628	79100000	TRANSF.CHARGES D'EXPLOITATION			06/2023	20230628	OD SALAIRE avantages repas	0,00	266,64						20230628	CH		
od	Opérations diverses	0	20230628	64140000	PERS INDEMNITES ET AVANTAGES DIVERS			06/2023	20230628	OD SALAIRE navigo	57,05	0,00						20230628	CH		
od	Opérations diverses	0	20230628	42103700	NDIAYE BADO			06/2023	20230628	NDIAYE BADO 	0,00	2000,86	H	20230630				20230628	CH		
od	Opérations diverses	0	20230628	42100000	PERS REMUNERATIONS DUES	SGUISSE	GUISSE Oumar	06/2023	20230628	GUISSE Oumar	0,00	1723,48	C	20230630				20230628	CH		
od	Opérations diverses	0	20230628	42100000	PERS REMUNERATIONS DUES	SALEXAND	ALEXANDRE VARTOUKIAN	06/2023	20230628	ALEXANDRE VARTOUKIAN	0,00	1727,13	D	20230630				20230628	CH		
od	Opérations diverses	0	20230628	43720000	GROUPE MORNAY			06/2023	20230628	OD SALAIRE CS PP MUT	0,00	119,50						20230628	CH		
od	Opérations diverses	0	20230628	64520000	PERS COTISATIONS AUX MUTUELLES			06/2023	20230628	OD SALAIRE CS PP MUT	119,50	0,00						20230628	CH		
od	Opérations diverses	0	20230628	43720000	GROUPE MORNAY			06/2023	20230628	OD SALAIRE CS PP PREV	0,00	21,88						20230628	CH		
od	Opérations diverses	0	20230628	64520000	PERS COTISATIONS AUX MUTUELLES			06/2023	20230628	OD SALAIRE CS PP PREV	21,88	0,00						20230628	CH		
od	Opérations diverses	0	20230628	43100000	SECURITE SOCIALE			06/2023	20230628	OD SALAIRE CS PP 	0,00	650,11						20230628	CH		
od	Opérations diverses	0	20230628	64510000	PERS COTISATIONS A L'URSSAF			06/2023	20230628	OD SALAIRE CS PP 	650,11	0,00						20230628	CH		
od	Opérations diverses	0	20230630	43750000	RETRAITE NON CADRE			06/2023	20230630	OD SALAIRE CS PP RETRAITE	0,00	121,96						20230630	CH		
od	Opérations diverses	0	20230630	64530000	PERS COTISATIONS CAISSES DE RETRAITE			06/2023	20230630	OD SALAIRE CS PP RETRAITE	121,96	0,00						20230630	CH		
AD	A Nouveaux Détaillés	0	20210101	44586000	ETAT TVA S/FACT.NON PARVENUES			A Nouv	20210101	ETAT TVA S/FACT.NON PARVENUES	278,17	0,00						20210101	CH		
AD	A Nouveaux Détaillés	0	20210101	44586000	ETAT TVA S/FACT.NON PARVENUES			EXT	20210101	EXT EDF FNP / 2019	0,00	94,20						20210101	CH		
AD	A Nouveaux Détaillés	0	20210101	44586000	ETAT TVA S/FACT.NON PARVENUES			EXT	20210101	EXT EDF FNP / 2020	0,00	94,20						20210101	CH		
AD	A Nouveaux Détaillés	0	20210101	40100000	FOURNISSEURS	FVERRERI	VERRERIE DES HALLES	A Nouv	20210101	VERRERIE DES HALLES	0,00	51,79						20210101	CH		
AD	A Nouveaux Détaillés	0	20211231	44586000	ETAT TVA S/FACT.NON PARVENUES			2021	20211231	EDF FNP	63,94	0,00						20211231	CH		
AD	A Nouveaux Détaillés	0	20211231	44586000	ETAT TVA S/FACT.NON PARVENUES			FNP	20211231	PROV. FNP EGAC SOCIAL/21	130,00	0,00						20211231	CH		
AD	A Nouveaux Détaillés	0	20211231	40100000	FOURNISSEURS	FCUFPA	CUFPA	2021	20211231	AKTO	0,00	237,73						20211231	CH		
AD	A Nouveaux Détaillés	0	20220101	44566000	ETAT TVA SUR AUTRES BIENS ET SERVICES			A Nouv	20220101	ETAT TVA SUR AUTRES BIENS ET S	10040,94	0,00						20220101	CH		
AD	A Nouveaux Détaillés	0	20220101	44566000	ETAT TVA SUR AUTRES BIENS ET SERVICES			2021012546	20220101	SUMATRA 01/22	729,80	0,00						20220101	CH		
AD	A Nouveaux Détaillés	0	20220101	40100000	FOURNISSEURS	FLOYER	SUMATRA	2021012546	20220101	SUMATRA 01/22	0,00	4378,82	A	20221231				20220101	CH		
AD	A Nouveaux Détaillés	0	20220101	44566000	ETAT TVA SUR AUTRES BIENS ET SERVICES			2021	20220101	BOULANGERIE DE REN. 2021110218	6,11	0,00						20220101	CH		
AD	A Nouveaux Détaillés	0	20220101	44566000	ETAT TVA SUR AUTRES BIENS ET SERVICES			2021	20220101	EXT.PROV FPC	0,00	20,89						20220101	CH		
AD	A Nouveaux Détaillés	0	20220101	44586000	ETAT TVA S/FACT.NON PARVENUES			FNP	20220101	EXT. PROV FNP EGAC SOCIAL/21	0,00	130,00						20220101	CH		
AD	A Nouveaux Détaillés	0	20220104	44566000	ETAT TVA SUR AUTRES BIENS ET SERVICES			01/04	20220104	ITALIAN FOOD F.33	41,09	0,00						20220104	CH		
AD	A Nouveaux Détaillés	0	20220104	44566000	ETAT TVA SUR AUTRES BIENS ET SERVICES			01/08	20220104	A 2 PAS	2,92	0,00						20220104	CH		
AD	A Nouveaux Détaillés	0	20220104	44566000	ETAT TVA SUR AUTRES BIENS ET SERVICES			01/10	20220104	LES PRIMEURS	0,37	0,00						20220104	CH		
AD	A Nouveaux Détaillés	0	20220104	44566000	ETAT TVA SUR AUTRES BIENS ET SERVICES			01/38	20220104	REYNAUD 921823	8,29	0,00						20220104	CH		
AD	A Nouveaux Détaillés	0	20220106	44566000	ETAT TVA SUR AUTRES BIENS ET SERVICES			01/11	20220106	NATURALIA	4,24	0,00						20220106	CH		
AD	A Nouveaux Détaillés	0	20220106	44566000	ETAT TVA SUR AUTRES BIENS ET SERVICES			01/37	20220106	REYNAUD 925542	8,66	0,00						20220106	CH		
AD	A Nouveaux Détaillés	0	20220107	44566000	ETAT TVA SUR AUTRES BIENS ET SERVICES			01/07	20220107	MA PHARMACIE	0,93	0,00						20220107	CH		
AD	A Nouveaux Détaillés	0	20220107	44566000	ETAT TVA SUR AUTRES BIENS ET SERVICES			01/32	20220107	JEAN	0,71	0,00						20220107	CH		
AD	A Nouveaux Détaillés	0	20220108	44566000	ETAT TVA SUR AUTRES BIENS ET SERVICES			01/12	20220108	A 2 PAS	1,38	0,00						20220108	CH		
AD	A Nouveaux Détaillés	0	20220108	44566000	ETAT TVA SUR AUTRES BIENS ET SERVICES			FNP	20220108	REYNAUD 928753	14,16	0,00						20220108	CH		
AD	A Nouveaux Détaillés	0	20220110	44566000	ETAT TVA SUR AUTRES BIENS ET SERVICES			01/33	20220110	GROUPE RODRIGUES	0,99	0,00						20220110	CH		
AD	A Nouveaux Détaillés	0	20220111	44566000	ETAT TVA SUR AUTRES BIENS ET SERVICES			01/05	20220111	ITALIAN FOOD F.96	71,13	0,00						20220111	CH		
AD	A Nouveaux Détaillés	0	20220111	44566000	ETAT TVA SUR AUTRES BIENS ET SERVICES			01/14	20220111	A 2 PAS	0,90	0,00						20220111	CH		
AD	A Nouveaux Détaillés	0	20220112	44566000	ETAT TVA SUR AUTRES BIENS ET SERVICES			01/29	20220112	CHARLES JEAN JOREL	0,69	0,00						20220112	CH		
AD	A Nouveaux Détaillés	0	20220113	44566000	ETAT TVA SUR AUTRES BIENS ET SERVICES			01/06	20220113	ITALIAN FOOD F.113	15,90	0,00						20220113	CH		
AD	A Nouveaux Détaillés	0	20220113	44566000	ETAT TVA SUR AUTRES BIENS ET SERVICES			01/13	20220113	VERGER ST PAUL	0,23	0,00						20220113	CH		
AD	A Nouveaux Détaillés	0	20220115	44566000	ETAT TVA SUR AUTRES BIENS ET SERVICES			01/15	20220115	NESPRESSO	3,05	0,00						20220115	CH		
AD	A Nouveaux Détaillés	0	20220115	44566000	ETAT TVA SUR AUTRES BIENS ET SERVICES			01/28	20220115	NOVATO	1,23	0,00						20220115	CH		
AD	A Nouveaux Détaillés	0	20220115	44566000	ETAT TVA SUR AUTRES BIENS ET SERVICES			FNP	20220115	REYNAUD 938683	8,16	0,00						20220115	CH		
AD	A Nouveaux Détaillés	0	20220118	44566000	ETAT TVA SUR AUTRES BIENS ET SERVICES			01/16	20220118	RATP	3,07	0,00						20220118	CH		
AD	A Nouveaux Détaillés	0	20220118	41100000	CLIENTS	CCHQ	RECETTE CHQ	CHQ	20220118	RECETTE CHQ	0,00	243,50						20220118	CH		
AD	A Nouveaux Détaillés	0	20220118	44566000	ETAT TVA SUR AUTRES BIENS ET SERVICES			2022001549	20220118	SUMATRA 02/22	729,80	0,00						20220118	CH		
AD	A Nouveaux Détaillés	0	20220119	44566000	ETAT TVA SUR AUTRES BIENS ET SERVICES			01/18	20220119	A 2 PAS	0,98	0,00						20220119	CH		
AD	A Nouveaux Détaillés	0	20220120	44566000	ETAT TVA SUR AUTRES BIENS ET SERVICES			01/22	20220120	PHARMA RIVOLI	3,90	0,00						20220120	CH		
AD	A Nouveaux Détaillés	0	20220121	44566000	ETAT TVA SUR AUTRES BIENS ET SERVICES			01/23	20220121	CARREFOUR CITY	0,50	0,00						20220121	CH		
AD	A Nouveaux Détaillés	0	20220121	44566000	ETAT TVA SUR AUTRES BIENS ET SERVICES			01/24	20220121	SC-ACS FRUITS	0,23	0,00						20220121	CH		
AD	A Nouveaux Détaillés	0	20220121	44566000	ETAT TVA SUR AUTRES BIENS ET SERVICES			FNP	20220121	REYNAUD 947171	12,61	0,00						20220121	CH		
AD	A Nouveaux Détaillés	0	20220122	44566000	ETAT TVA SUR AUTRES BIENS ET SERVICES			01/26	20220122	A 2 PAS	1,32	0,00						20220122	CH		
AD	A Nouveaux Détaillés	0	20220123	44566000	ETAT TVA SUR AUTRES BIENS ET SERVICES			01/20	20220123	ADM	2,61	0,00						20220123	CH		
AD	A Nouveaux Détaillés	0	20220125	44566000	ETAT TVA SUR AUTRES BIENS ET SERVICES			01/01	20220125	ITALIAN FOOD 214	96,89	0,00						20220125	CH		
AD	A Nouveaux Détaillés	0	20220125	44566000	ETAT TVA SUR AUTRES BIENS ET SERVICES			01/27	20220125	LES PRIMEURS	0,24	0,00						20220125	CH		
AD	A Nouveaux Détaillés	0	20220125	44566000	ETAT TVA SUR AUTRES BIENS ET SERVICES			01/37	20220125	REYNAUD 951481	8,61	0,00						20220125	CH		
AD	A Nouveaux Détaillés	0	20220126	44566000	ETAT TVA SUR AUTRES BIENS ET SERVICES			01/31	20220126	SABAH ORIENTAL	0,26	0,00						20220126	CH		
AD	A Nouveaux Détaillés	0	20220128	44566000	ETAT TVA SUR AUTRES BIENS ET SERVICES			FNP	20220128	REYNAUD 958093	15,42	0,00						20220128	CH		
AD	A Nouveaux Détaillés	0	20220129	44566000	ETAT TVA SUR AUTRES BIENS ET SERVICES			01/25	20220129	VERGER ST PAUL	0,23	0,00						20220129	CH		
AD	A Nouveaux Détaillés	0	20220130	43750000	RETRAITE NON CADRE			01/2022	20220130	SALAIRE	0,00	118,72						20220130	CH		
AD	A Nouveaux Détaillés	0	20220130	43750000	RETRAITE NON CADRE			01/2022	20220130	SALAIRE CS PP 	0,00	82,02						20220130	CH		
AD	A Nouveaux Détaillés	0	20220130	44566000	ETAT TVA SUR AUTRES BIENS ET SERVICES			01/19	20220130	A 2 PAS	0,63	0,00						20220130	CH		
AD	A Nouveaux Détaillés	0	20220131	44566000	ETAT TVA SUR AUTRES BIENS ET SERVICES			01/17	20220131	RATP	3,07	0,00						20220131	CH		
AD	A Nouveaux Détaillés	0	20220131	44566000	ETAT TVA SUR AUTRES BIENS ET SERVICES			01/2022	20220131	TVA 01/2022	0,00	1818,00						20220131	CH		
AD	A Nouveaux Détaillés	0	20220131	44571010	TVA COLLECTEE 10%			01/2022	20220131	TVA 01/2022	1526,00	0,00						20220131	CH		
AD	A Nouveaux Détaillés	0	20220131	44571010	TVA COLLECTEE 10%			01/2022	20220131	RECETTES 10%	0,00	1538,77						20220131	CH		
AD	A Nouveaux Détaillés	0	20220131	41100000	CLIENTS	CCHQ	RECETTE CHQ	01/2022	20220131	RECETTE CHQ	309,00	0,00						20220131	CH		
AD	A Nouveaux Détaillés	0	20220201	44566000	ETAT TVA SUR AUTRES BIENS ET SERVICES			02/07	20220201	ITALIAN FOOD F.273	46,73	0,00						20220201	CH		
AD	A Nouveaux Détaillés	0	20220202	44566000	ETAT TVA SUR AUTRES BIENS ET SERVICES			02/08	20220202	A 2 PAS	1,96	0,00						20220202	CH		
AD	A Nouveaux Détaillés	0	20220202	44566000	ETAT TVA SUR AUTRES BIENS ET SERVICES			02/09	20220202	VERGER ST PAUL	0,29	0,00						20220202	CH		
AD	A Nouveaux Détaillés	0	20220203	44566000	ETAT TVA SUR AUTRES BIENS ET SERVICES			02/01	20220203	MEREGALLI F.484	558,32	0,00						20220203	CH		
AD	A Nouveaux Détaillés	0	20220204	44566000	ETAT TVA SUR AUTRES BIENS ET SERVICES			02/06	20220204	ITALIAN FOOD F.297	22,81	0,00						20220204	CH		
AD	A Nouveaux Détaillés	0	20220204	44566000	ETAT TVA SUR AUTRES BIENS ET SERVICES			02/15	20220204	VERGER ST PAUL	0,54	0,00						20220204	CH		
AD	A Nouveaux Détaillés	0	20220204	44566000	ETAT TVA SUR AUTRES BIENS ET SERVICES			02/17	20220204	NATURALIA	1,63	0,00						20220204	CH		
AD	A Nouveaux Détaillés	0	20220206	44566000	ETAT TVA SUR AUTRES BIENS ET SERVICES			02/32	20220206	BOULANGERIE DE RENNES	0,34	0,00						20220206	CH		
AD	A Nouveaux Détaillés	0	20220208	44566000	ETAT TVA SUR AUTRES BIENS ET SERVICES			02/05	20220208	ITALIAN FOOD F.327	73,14	0,00						20220208	CH		
AD	A Nouveaux Détaillés	0	20220208	44566000	ETAT TVA SUR AUTRES BIENS ET SERVICES			02/14	20220208	RATP	3,07	0,00						20220208	CH		
AD	A Nouveaux Détaillés	0	20220208	44566000	ETAT TVA SUR AUTRES BIENS ET SERVICES			02/16	20220208	PHARMACIE RIVOLI	2,42	0,00						20220208	CH		
AD	A Nouveaux Détaillés	0	20220211	44566000	ETAT TVA SUR AUTRES BIENS ET SERVICES			02/03	20220211	ITALIAN FOOD F.374	18,60	0,00						20220211	CH		
AD	A Nouveaux Détaillés	0	20220214	44566000	ETAT TVA SUR AUTRES BIENS ET SERVICES			02/13	20220214	PHARMACIE	2,64	0,00						20220214	CH		
AD	A Nouveaux Détaillés	0	20220215	44566000	ETAT TVA SUR AUTRES BIENS ET SERVICES			02/02	20220215	ITALIAN FOOD F.413	11,64	0,00						20220215	CH		
AD	A Nouveaux Détaillés	0	20220215	44566000	ETAT TVA SUR AUTRES BIENS ET SERVICES			02/12	20220215	VERGER ST PAUL	0,39	0,00						20220215	CH		
AD	A Nouveaux Détaillés	0	20220217	44566000	ETAT TVA SUR AUTRES BIENS ET SERVICES			02/11	20220217	PICARD	0,43	0,00						20220217	CH		
AD	A Nouveaux Détaillés	0	20220217	44566000	ETAT TVA SUR AUTRES BIENS ET SERVICES			02/18	20220217	CORDIER 15/02/22 AU 15/02/2023	78,00	0,00						20220217	CH		
AD	A Nouveaux Détaillés	0	20220218	44566000	ETAT TVA SUR AUTRES BIENS ET SERVICES			02/04	20220218	ITALIAN FOOD F.440	43,63	0,00						20220218	CH		
AD	A Nouveaux Détaillés	0	20220218	44566000	ETAT TVA SUR AUTRES BIENS ET SERVICES			02/38	20220218	A 2 PAS	0,79	0,00						20220218	CH		
AD	A Nouveaux Détaillés	0	20220219	44566000	ETAT TVA SUR AUTRES BIENS ET SERVICES			02/39	20220219	A 2 PAS	0,19	0,00						20220219	CH		
AD	A Nouveaux Détaillés	0	20220220	44566000	ETAT TVA SUR AUTRES BIENS ET SERVICES			02/40	20220220	NESPRESSO	3,34	0,00						20220220	CH		
AD	A Nouveaux Détaillés	0	20220221	44566000	ETAT TVA SUR AUTRES BIENS ET SERVICES			02/35	20220221	CIAMT MED. TRAVAIL F.2224303	44,80	0,00						20220221	CH		
AD	A Nouveaux Détaillés	0	20220221	44566000	ETAT TVA SUR AUTRES BIENS ET SERVICES			02/41	20220221	PHARMACIE	2,20	0,00						20220221	CH		
AD	A Nouveaux Détaillés	0	20220222	44566000	ETAT TVA SUR AUTRES BIENS ET SERVICES			02/19	20220222	ITALIAN FOOD F.480	39,92	0,00						20220222	CH		
AD	A Nouveaux Détaillés	0	20220222	44566000	ETAT TVA SUR AUTRES BIENS ET SERVICES			02/22	20220222	CHOMETTE FAVOR F.3322540	136,92	0,00						20220222	CH		
AD	A Nouveaux Détaillés	0	20220222	44566000	ETAT TVA SUR AUTRES BIENS ET SERVICES			2022002558	20220222	SUMATRA 03/22	729,80	0,00						20220222	CH		
AD	A Nouveaux Détaillés	0	20220224	44566000	ETAT TVA SUR AUTRES BIENS ET SERVICES			02/21	20220224	CHOMETTE FAVOR F.3325214	16,81	0,00						20220224	CH		
AD	A Nouveaux Détaillés	0	20220225	44566000	ETAT TVA SUR AUTRES BIENS ET SERVICES			02/20	20220225	ITALIAN FOOD F.512	33,40	0,00						20220225	CH		
AD	A Nouveaux Détaillés	0	20220225	44566000	ETAT TVA SUR AUTRES BIENS ET SERVICES			02/37	20220225	VERGER ST PAUL	0,47	0,00						20220225	CH		
AD	A Nouveaux Détaillés	0	20220228	44566000	ETAT TVA SUR AUTRES BIENS ET SERVICES			02/2022	20220228	TVA 02/2022	0,00	1992,00						20220228	CH		
AD	A Nouveaux Détaillés	0	20220228	44571010	TVA COLLECTEE 10%			02/2022	20220228	TVA 02/2022	1680,00	0,00						20220228	CH		
AD	A Nouveaux Détaillés	0	20220228	44571010	TVA COLLECTEE 10%			02/2022	20220228	TVA COLLECTEE 10%	0,00	1831,23						20220228	CH		
AD	A Nouveaux Détaillés	0	20220228	41100000	CLIENTS	CCHQ	RECETTE CHQ	02/2022	20220228	RECETTE CHQ	595,50	0,00						20220228	CH		
AD	A Nouveaux Détaillés	0	20220301	44566000	ETAT TVA SUR AUTRES BIENS ET SERVICES			03/13	20220301	ITALIAN FOOD F.555	22,58	0,00						20220301	CH		
AD	A Nouveaux Détaillés	0	20220302	44566000	ETAT TVA SUR AUTRES BIENS ET SERVICES			03/01	20220302	PICARD	0,27	0,00						20220302	CH		
AD	A Nouveaux Détaillés	0	20220304	44566000	ETAT TVA SUR AUTRES BIENS ET SERVICES			03/12	20220304	ITALIAN FOOD F.593	31,84	0,00						20220304	CH		
AD	A Nouveaux Détaillés	0	20220304	44566000	ETAT TVA SUR AUTRES BIENS ET SERVICES			03/14	20220304	MEREGALLI F.1059	28,50	0,00						20220304	CH		
AD	A Nouveaux Détaillés	0	20220304	44566000	ETAT TVA SUR AUTRES BIENS ET SERVICES			03/15	20220304	MEREGALLI F.1058	444,85	0,00						20220304	CH		
AD	A Nouveaux Détaillés	0	20220307	44566000	ETAT TVA SUR AUTRES BIENS ET SERVICES			03/04	20220307	A 2 PAS	0,09	0,00						20220307	CH		
AD	A Nouveaux Détaillés	0	20220308	44566000	ETAT TVA SUR AUTRES BIENS ET SERVICES			03/11	20220308	ITALIAN FOOD F.640	40,78	0,00						20220308	CH		
AD	A Nouveaux Détaillés	0	20220309	44566000	ETAT TVA SUR AUTRES BIENS ET SERVICES			03/31	20220309	ALIGRE	1,58	0,00						20220309	CH		
AD	A Nouveaux Détaillés	0	20220310	44566000	ETAT TVA SUR AUTRES BIENS ET SERVICES			03/30	20220310	VERGER ST PAUL	0,21	0,00						20220310	CH		
AD	A Nouveaux Détaillés	0	20220311	44566000	ETAT TVA SUR AUTRES BIENS ET SERVICES			03/10	20220311	ITALIAN FOOD F.659	25,77	0,00						20220311	CH		
AD	A Nouveaux Détaillés	0	20220312	44566000	ETAT TVA SUR AUTRES BIENS ET SERVICES			03/26	20220312	A 2 PAS	0,63	0,00						20220312	CH		
AD	A Nouveaux Détaillés	0	20220315	44566000	ETAT TVA SUR AUTRES BIENS ET SERVICES			03/08	20220315	ITALIAN FOOD F.715	37,16	0,00						20220315	CH		
AD	A Nouveaux Détaillés	0	20220315	44566000	ETAT TVA SUR AUTRES BIENS ET SERVICES			2022003562	20220315	SUMATRA 04/22	729,80	0,00						20220315	CH		
AD	A Nouveaux Détaillés	0	20220318	44566000	ETAT TVA SUR AUTRES BIENS ET SERVICES			03/09	20220318	ITALIAN FOOD F.739	49,22	0,00						20220318	CH		
AD	A Nouveaux Détaillés	0	20220318	44566000	ETAT TVA SUR AUTRES BIENS ET SERVICES			03/32	20220318	VERGER ST PAUL	0,46	0,00						20220318	CH		
AD	A Nouveaux Détaillés	0	20220322	44566000	ETAT TVA SUR AUTRES BIENS ET SERVICES			03/07	20220322	ITALIAN FOOD F.784	53,30	0,00						20220322	CH		
AD	A Nouveaux Détaillés	0	20220324	44566000	ETAT TVA SUR AUTRES BIENS ET SERVICES			03/22	20220324	A 2 PAS	0,13	0,00						20220324	CH		
AD	A Nouveaux Détaillés	0	20220324	44566000	ETAT TVA SUR AUTRES BIENS ET SERVICES			03/23	20220324	VERGER ST PAUL	0,46	0,00						20220324	CH		
AD	A Nouveaux Détaillés	0	20220325	44566000	ETAT TVA SUR AUTRES BIENS ET SERVICES			03/02	20220325	LES PRIMEURS D EXCELLENCE	0,21	0,00						20220325	CH		
AD	A Nouveaux Détaillés	0	20220325	44566000	ETAT TVA SUR AUTRES BIENS ET SERVICES			03/05	20220325	ITALIAN FOOD F.823	24,67	0,00						20220325	CH		
AD	A Nouveaux Détaillés	0	20220326	44566000	ETAT TVA SUR AUTRES BIENS ET SERVICES			03/36	20220326	NESPRESSO	4,32	0,00						20220326	CH		
AD	A Nouveaux Détaillés	0	20220329	44566000	ETAT TVA SUR AUTRES BIENS ET SERVICES			03/06	20220329	ITALIAN FOOD F.865	88,06	0,00						20220329	CH		
AD	A Nouveaux Détaillés	0	20220329	44566000	ETAT TVA SUR AUTRES BIENS ET SERVICES			03/10	20220329	CHOMETTE FAVOR F.3355248	13,92	0,00						20220329	CH		
AD	A Nouveaux Détaillés	0	20220329	44566000	ETAT TVA SUR AUTRES BIENS ET SERVICES			03/29	20220329	VERGER ST PAUL	0,23	0,00						20220329	CH		
AD	A Nouveaux Détaillés	0	20220330	44566000	ETAT TVA SUR AUTRES BIENS ET SERVICES			03/24	20220330	VERGER ST PAUL	0,21	0,00						20220330	CH		
AD	A Nouveaux Détaillés	0	20220330	44566000	ETAT TVA SUR AUTRES BIENS ET SERVICES			03/35	20220330	BRICOLEX LEDRU	1,92	0,00						20220330	CH		
AD	A Nouveaux Détaillés	0	20220331	44566000	ETAT TVA SUR AUTRES BIENS ET SERVICES			03/37	20220331	VERGER ST PAUL	0,14	0,00						20220331	CH		
AD	A Nouveaux Détaillés	0	20220331	44566000	ETAT TVA SUR AUTRES BIENS ET SERVICES			03/2022	20220331	TVA 03/2022	0,00	1884,00						20220331	CH		
AD	A Nouveaux Détaillés	0	20220331	44571010	TVA COLLECTEE 10%			03/2022	20220331	TVA 03/2022	1810,00	0,00						20220331	CH		
AD	A Nouveaux Détaillés	0	20220331	44571010	TVA COLLECTEE 10%			03/2022	20220331	TVA COLLECTEE 10%	0,00	2381,73						20220331	CH		
AD	A Nouveaux Détaillés	0	20220331	41100000	CLIENTS	CCHQ	RECETTE CHQ	03/2022	20220331	RECETTE CHQ	185,00	0,00						20220331	CH		
AD	A Nouveaux Détaillés	0	20220401	44566000	ETAT TVA SUR AUTRES BIENS ET SERVICES			04/48	20220401	BHV	0,72	0,00						20220401	CH		
AD	A Nouveaux Détaillés	0	20220402	44566000	ETAT TVA SUR AUTRES BIENS ET SERVICES			04/07	20220402	VERGER ST PAUL	0,18	0,00						20220402	CH		
AD	A Nouveaux Détaillés	0	20220403	44566000	ETAT TVA SUR AUTRES BIENS ET SERVICES			04/47	20220403	SABAH ORIENTAL	0,26	0,00						20220403	CH		
AD	A Nouveaux Détaillés	0	20220405	44566000	ETAT TVA SUR AUTRES BIENS ET SERVICES			04/06	20220405	VERGER ST PAUL	0,16	0,00						20220405	CH		
AD	A Nouveaux Détaillés	0	20220405	44566000	ETAT TVA SUR AUTRES BIENS ET SERVICES			04/19	20220405	ITALIAN FOOD F.930	48,62	0,00						20220405	CH		
AD	A Nouveaux Détaillés	0	20220407	44566000	ETAT TVA SUR AUTRES BIENS ET SERVICES			04/21	20220407	ITALIAN FOOD F.960	99,62	0,00						20220407	CH		
AD	A Nouveaux Détaillés	0	20220407	44566000	ETAT TVA SUR AUTRES BIENS ET SERVICES			04/22	20220407	ITALIAN FOOD F.960	103,45	0,00						20220407	CH		
AD	A Nouveaux Détaillés	0	20220408	44566000	ETAT TVA SUR AUTRES BIENS ET SERVICES			04/26	20220408	MEREGALLI F.1677	528,65	0,00						20220408	CH		
AD	A Nouveaux Détaillés	0	20220409	44566000	ETAT TVA SUR AUTRES BIENS ET SERVICES			04/05	20220409	VERGER ST PAUL	0,11	0,00						20220409	CH		
AD	A Nouveaux Détaillés	0	20220409	44566000	ETAT TVA SUR AUTRES BIENS ET SERVICES			04/36	20220409	VERGER ST PAUL	0,23	0,00						20220409	CH		
AD	A Nouveaux Détaillés	0	20220410	44566000	ETAT TVA SUR AUTRES BIENS ET SERVICES			04/35	20220410	A 2 PAS	0,01	0,00						20220410	CH		
AD	A Nouveaux Détaillés	0	20220411	40100000	FOURNISSEURS	FCUFPA	CUFPA	CHQ 2802488	20220411	AKTO	155,05	0,00						20220411	CH		
AD	A Nouveaux Détaillés	0	20220412	44566000	ETAT TVA SUR AUTRES BIENS ET SERVICES			04/18	20220412	ITALIAN FOOD F.1006	21,87	0,00						20220412	CH		
AD	A Nouveaux Détaillés	0	20220412	44566000	ETAT TVA SUR AUTRES BIENS ET SERVICES			04/33	20220412	VERGER ST PAUL	0,08	0,00						20220412	CH		
AD	A Nouveaux Détaillés	0	20220412	44566000	ETAT TVA SUR AUTRES BIENS ET SERVICES			04/38	20220412	VERGER ST PAUL	0,23	0,00						20220412	CH		
AD	A Nouveaux Détaillés	0	20220413	44566000	ETAT TVA SUR AUTRES BIENS ET SERVICES			04/43	20220413	NISAN	0,56	0,00						20220413	CH		
AD	A Nouveaux Détaillés	0	20220415	44566000	ETAT TVA SUR AUTRES BIENS ET SERVICES			04/27	20220415	ITALIAN FOOD F.1036	14,28	0,00						20220415	CH		
AD	A Nouveaux Détaillés	0	20220416	44566000	ETAT TVA SUR AUTRES BIENS ET SERVICES			04/14	20220416	VERGER ST PAUL ESP	0,16	0,00						20220416	CH		
AD	A Nouveaux Détaillés	0	20220419	44566000	ETAT TVA SUR AUTRES BIENS ET SERVICES			04/28	20220419	A 2 PAS	0,18	0,00						20220419	CH		
AD	A Nouveaux Détaillés	0	20220420	44566000	ETAT TVA SUR AUTRES BIENS ET SERVICES			2022004567	20220420	SUMATRA 05/22	729,80	0,00						20220420	CH		
AD	A Nouveaux Détaillés	0	20220421	44566000	ETAT TVA SUR AUTRES BIENS ET SERVICES			04/03	20220421	MA PHARMACIE	2,42	0,00						20220421	CH		
AD	A Nouveaux Détaillés	0	20220421	44566000	ETAT TVA SUR AUTRES BIENS ET SERVICES			04/04	20220421	A 2 PAS	0,14	0,00						20220421	CH		
AD	A Nouveaux Détaillés	0	20220421	44566000	ETAT TVA SUR AUTRES BIENS ET SERVICES			04/25	20220421	ITALIAN FOOD F.1087	29,06	0,00						20220421	CH		
AD	A Nouveaux Détaillés	0	20220422	44566000	ETAT TVA SUR AUTRES BIENS ET SERVICES			04/29	20220422	A 2 PAS	2,31	0,00						20220422	CH		
AD	A Nouveaux Détaillés	0	20220423	44566000	ETAT TVA SUR AUTRES BIENS ET SERVICES			04/08	20220423	VERGER ST PAUL	0,56	0,00						20220423	CH		
AD	A Nouveaux Détaillés	0	20220424	44566000	ETAT TVA SUR AUTRES BIENS ET SERVICES			04/09	20220424	BHV	10,50	0,00						20220424	CH		
AD	A Nouveaux Détaillés	0	20220426	44566000	ETAT TVA SUR AUTRES BIENS ET SERVICES			04/24	20220426	ITALIAN FOOD F.1145	88,96	0,00						20220426	CH		
AD	A Nouveaux Détaillés	0	20220427	44566000	ETAT TVA SUR AUTRES BIENS ET SERVICES			04/20	20220427	CHOMETTE FAVOR F.3384468	47,90	0,00						20220427	CH		
AD	A Nouveaux Détaillés	0	20220428	44566000	ETAT TVA SUR AUTRES BIENS ET SERVICES			04/10	20220428	SABAH ORIENTAL	0,26	0,00						20220428	CH		
AD	A Nouveaux Détaillés	0	20220428	44566000	ETAT TVA SUR AUTRES BIENS ET SERVICES			04/12	20220428	BHV	6,67	0,00						20220428	CH		
AD	A Nouveaux Détaillés	0	20220428	44566000	ETAT TVA SUR AUTRES BIENS ET SERVICES			04/13	20220428	A 2 PAS	0,42	0,00						20220428	CH		
AD	A Nouveaux Détaillés	0	20220429	44566000	ETAT TVA SUR AUTRES BIENS ET SERVICES			04/11	20220429	VERGER ST PAUL	0,16	0,00						20220429	CH		
AD	A Nouveaux Détaillés	0	20220429	44566000	ETAT TVA SUR AUTRES BIENS ET SERVICES			04/23	20220429	ITALIAN FOOD F.1176	112,89	0,00						20220429	CH		
AD	A Nouveaux Détaillés	0	20220430	44566000	ETAT TVA SUR AUTRES BIENS ET SERVICES			04/37	20220430	SESAME 55	0,29	0,00						20220430	CH		
AD	A Nouveaux Détaillés	0	20220430	44566000	ETAT TVA SUR AUTRES BIENS ET SERVICES			04/39 FNP	20220430	ELIS	48,95	0,00						20220430	CH		
AD	A Nouveaux Détaillés	0	20220430	44566000	ETAT TVA SUR AUTRES BIENS ET SERVICES			04/2022	20220430	TVA 04/2022	0,00	1752,00						20220430	CH		
AD	A Nouveaux Détaillés	0	20220430	44571010	TVA COLLECTEE 10%			04/2022	20220430	TVA 04/2022	2015,00	0,00						20220430	CH		
AD	A Nouveaux Détaillés	0	20220430	44571010	TVA COLLECTEE 10%			04/2022	20220430	TVA COLLECTEE 10%	0,00	2083,73						20220430	CH		
AD	A Nouveaux Détaillés	0	20220430	41100000	CLIENTS	CCHQ	RECETTE CHQ	04/2022	20220430	RECETTE CHQ	373,50	0,00						20220430	CH		
AD	A Nouveaux Détaillés	0	20220501	44566000	ETAT TVA SUR AUTRES BIENS ET SERVICES			FNP	20220501	CAP IMPRESSION	96,00	0,00						20220501	CH		
AD	A Nouveaux Détaillés	0	20220503	44566000	ETAT TVA SUR AUTRES BIENS ET SERVICES			05/09	20220503	BHV	2,07	0,00						20220503	CH		
AD	A Nouveaux Détaillés	0	20220503	44566000	ETAT TVA SUR AUTRES BIENS ET SERVICES			05/21	20220503	A 2 PAS	0,23	0,00						20220503	CH		
AD	A Nouveaux Détaillés	0	20220505	44566000	ETAT TVA SUR AUTRES BIENS ET SERVICES			05/01	20220505	VERGER ST PAUL	0,43	0,00						20220505	CH		
AD	A Nouveaux Détaillés	0	20220506	43750000	RETRAITE NON CADRE			PRLV	20220506	KLESIA RETRAITE	243,66	0,00						20220506	CH		
AD	A Nouveaux Détaillés	0	20220506	44566000	ETAT TVA SUR AUTRES BIENS ET SERVICES			05/12	20220506	ITALIAN FOOD F.1240	87,24	0,00						20220506	CH		
AD	A Nouveaux Détaillés	0	20220506	44566000	ETAT TVA SUR AUTRES BIENS ET SERVICES			05/19	20220506	VERGER ST PAUL	0,16	0,00						20220506	CH		
AD	A Nouveaux Détaillés	0	20220506	44566000	ETAT TVA SUR AUTRES BIENS ET SERVICES			05/25	20220506	BHV	16,67	0,00						20220506	CH		
AD	A Nouveaux Détaillés	0	20220506	44566000	ETAT TVA SUR AUTRES BIENS ET SERVICES			05/28	20220506	MEREGALLI F.2178	677,24	0,00						20220506	CH		
AD	A Nouveaux Détaillés	0	20220508	44566000	ETAT TVA SUR AUTRES BIENS ET SERVICES			05/03	20220508	VERGER ST PAUL	0,23	0,00						20220508	CH		
AD	A Nouveaux Détaillés	0	20220510	44566000	ETAT TVA SUR AUTRES BIENS ET SERVICES			05/04	20220510	VERGER ST PAUL	0,16	0,00						20220510	CH		
AD	A Nouveaux Détaillés	0	20220510	44566000	ETAT TVA SUR AUTRES BIENS ET SERVICES			05/16	20220510	ITALIAN FOOD F.1283	40,38	0,00						20220510	CH		
AD	A Nouveaux Détaillés	0	20220512	44566000	ETAT TVA SUR AUTRES BIENS ET SERVICES			05/02	20220512	A 2 PAS	2,61	0,00						20220512	CH		
AD	A Nouveaux Détaillés	0	20220513	44566000	ETAT TVA SUR AUTRES BIENS ET SERVICES			05/15	20220513	ITALIAN FOOD F.1317	28,86	0,00						20220513	CH		
AD	A Nouveaux Détaillés	0	20220517	44566000	ETAT TVA SUR AUTRES BIENS ET SERVICES			05/05	20220517	VERGER ST PAUL	0,30	0,00						20220517	CH		
AD	A Nouveaux Détaillés	0	20220517	44566000	ETAT TVA SUR AUTRES BIENS ET SERVICES			05/14	20220517	ITALIAN FOOD F.1356	63,54	0,00						20220517	CH		
AD	A Nouveaux Détaillés	0	20220518	44566000	ETAT TVA SUR AUTRES BIENS ET SERVICES			05/23	20220518	VERRERIE DES HALLES 22050642	137,81	0,00						20220518	CH		
AD	A Nouveaux Détaillés	0	20220518	44566000	ETAT TVA SUR AUTRES BIENS ET SERVICES			05/26	20220518	MA PHARMACIE	1,09	0,00						20220518	CH		
AD	A Nouveaux Détaillés	0	20220518	44566000	ETAT TVA SUR AUTRES BIENS ET SERVICES			05/27	20220518	NESPRESSO	3,66	0,00						20220518	CH		
AD	A Nouveaux Détaillés	0	20220520	44566000	ETAT TVA SUR AUTRES BIENS ET SERVICES			05/13	20220520	ITALIAN FOOD F.1391	9,60	0,00						20220520	CH		
AD	A Nouveaux Détaillés	0	20220520	44566000	ETAT TVA SUR AUTRES BIENS ET SERVICES			05/22	20220520	BOULANGER	10,00	0,00						20220520	CH		
AD	A Nouveaux Détaillés	0	20220520	44566000	ETAT TVA SUR AUTRES BIENS ET SERVICES			2022005571	20220520	SUMATRA 06/22	725,81	0,00						20220520	CH		
AD	A Nouveaux Détaillés	0	20220521	44566000	ETAT TVA SUR AUTRES BIENS ET SERVICES			05/34	20220521	RIVER SERVICES	0,41	0,00						20220521	CH		
AD	A Nouveaux Détaillés	0	20220522	44566000	ETAT TVA SUR AUTRES BIENS ET SERVICES			05/10	20220522	VERGER ST PAUL	0,37	0,00						20220522	CH		
AD	A Nouveaux Détaillés	0	20220524	44566000	ETAT TVA SUR AUTRES BIENS ET SERVICES			05/11	20220524	ITALIAN FOOD F.1439	93,23	0,00						20220524	CH		
AD	A Nouveaux Détaillés	0	20220527	44566000	ETAT TVA SUR AUTRES BIENS ET SERVICES			05/06	20220527	A 2 PAS	0,77	0,00						20220527	CH		
AD	A Nouveaux Détaillés	0	20220527	44566000	ETAT TVA SUR AUTRES BIENS ET SERVICES			05/07	20220527	VERGER ST PAUL	0,31	0,00						20220527	CH		
AD	A Nouveaux Détaillés	0	20220527	44566000	ETAT TVA SUR AUTRES BIENS ET SERVICES			05/08	20220527	A 2 PAS	0,27	0,00						20220527	CH		
AD	A Nouveaux Détaillés	0	20220531	44566000	ETAT TVA SUR AUTRES BIENS ET SERVICES			05/29	20220531	ITALIAN FOOD F.1500	85,29	0,00						20220531	CH		
AD	A Nouveaux Détaillés	0	20220531	44566000	ETAT TVA SUR AUTRES BIENS ET SERVICES			05/30 FNP	20220531	ELIS	51,90	0,00						20220531	CH		
AD	A Nouveaux Détaillés	0	20220531	44566000	ETAT TVA SUR AUTRES BIENS ET SERVICES			05/2022	20220531	TVA 05/2022	0,00	823,00						20220531	CH		
AD	A Nouveaux Détaillés	0	20220531	44571010	TVA COLLECTEE 10%			05/2022	20220531	TVA 05/2022	1765,00	0,00						20220531	CH		
AD	A Nouveaux Détaillés	0	20220531	44571010	TVA COLLECTEE 10%			05/2022	20220531	TVA COLLECTEE 10%	0,00	2046,95						20220531	CH		
AD	A Nouveaux Détaillés	0	20220601	44566000	ETAT TVA SUR AUTRES BIENS ET SERVICES			06/01	20220601	VERGER ST PAUL	0,48	0,00						20220601	CH		
AD	A Nouveaux Détaillés	0	20220601	44566000	ETAT TVA SUR AUTRES BIENS ET SERVICES			06/43	20220601	FRANPRIX	2,52	0,00						20220601	CH		
AD	A Nouveaux Détaillés	0	20220602	44566000	ETAT TVA SUR AUTRES BIENS ET SERVICES			06/05	20220602	A 2 PAS	0,25	0,00						20220602	CH		
AD	A Nouveaux Détaillés	0	20220602	44566000	ETAT TVA SUR AUTRES BIENS ET SERVICES			06/40	20220602	VERGER ST PAUL	0,08	0,00						20220602	CH		
AD	A Nouveaux Détaillés	0	20220603	44566000	ETAT TVA SUR AUTRES BIENS ET SERVICES			06/20	20220603	ITALIAN FOOD F.1532	45,70	0,00						20220603	CH		
AD	A Nouveaux Détaillés	0	20220604	44566000	ETAT TVA SUR AUTRES BIENS ET SERVICES			06/02	20220604	A 2 PAS	0,50	0,00						20220604	CH		
AD	A Nouveaux Détaillés	0	20220604	44566000	ETAT TVA SUR AUTRES BIENS ET SERVICES			06/04	20220604	VERGER ST PAUL	0,42	0,00						20220604	CH		
AD	A Nouveaux Détaillés	0	20220604	44566000	ETAT TVA SUR AUTRES BIENS ET SERVICES			06/06	20220604	A 2 PAS	0,49	0,00						20220604	CH		
AD	A Nouveaux Détaillés	0	20220606	44566000	ETAT TVA SUR AUTRES BIENS ET SERVICES			06/25	20220606	A 2 PAS	3,52	0,00						20220606	CH		
AD	A Nouveaux Détaillés	0	20220609	44566000	ETAT TVA SUR AUTRES BIENS ET SERVICES			06/09	20220609	A 2 PAS	0,50	0,00						20220609	CH		
AD	A Nouveaux Détaillés	0	20220609	44566000	ETAT TVA SUR AUTRES BIENS ET SERVICES			06/24	20220609	OFFICE DEPOT	3,62	0,00						20220609	CH		
AD	A Nouveaux Détaillés	0	20220610	44566000	ETAT TVA SUR AUTRES BIENS ET SERVICES			06/10	20220610	VERGER ST PAUL	0,69	0,00						20220610	CH		
AD	A Nouveaux Détaillés	0	20220610	44566000	ETAT TVA SUR AUTRES BIENS ET SERVICES			06/19	20220610	ITALIAN FOOD F.1610	38,76	0,00						20220610	CH		
AD	A Nouveaux Détaillés	0	20220611	44566000	ETAT TVA SUR AUTRES BIENS ET SERVICES			06/23	20220611	A 2 PAS	0,66	0,00						20220611	CH		
AD	A Nouveaux Détaillés	0	20220613	42103700	NDIAYE BADO			VIR	20220613	NDIAYE BADO ACOMPTE	3000,00	0,00						20220613	CH		
AD	A Nouveaux Détaillés	0	20220613	44566000	ETAT TVA SUR AUTRES BIENS ET SERVICES			06/22	20220613	NATURALIA	3,83	0,00						20220613	CH		
AD	A Nouveaux Détaillés	0	20220614	44566000	ETAT TVA SUR AUTRES BIENS ET SERVICES			06/03	20220614	A 2 PAS	0,18	0,00						20220614	CH		
AD	A Nouveaux Détaillés	0	20220614	44566000	ETAT TVA SUR AUTRES BIENS ET SERVICES			06/18	20220614	ITALIAN FOOD F.1649	80,02	0,00						20220614	CH		
AD	A Nouveaux Détaillés	0	20220617	44566000	ETAT TVA SUR AUTRES BIENS ET SERVICES			06/08	20220617	MA PHARMACIE	1,61	0,00						20220617	CH		
AD	A Nouveaux Détaillés	0	20220617	44566000	ETAT TVA SUR AUTRES BIENS ET SERVICES			06/21	20220617	ITALIAN FOOD F.1679	153,90	0,00						20220617	CH		
AD	A Nouveaux Détaillés	0	20220617	44566000	ETAT TVA SUR AUTRES BIENS ET SERVICES			2022006574	20220617	SUMATRA 07/22	725,81	0,00						20220617	CH		
AD	A Nouveaux Détaillés	0	20220618	44566000	ETAT TVA SUR AUTRES BIENS ET SERVICES			06/14	20220618	LE BEEF	38,50	0,00						20220618	CH		
AD	A Nouveaux Détaillés	0	20220618	44566000	ETAT TVA SUR AUTRES BIENS ET SERVICES			06/39	20220618	VERGER ST PAUL	0,16	0,00						20220618	CH		
AD	A Nouveaux Détaillés	0	20220620	44566000	ETAT TVA SUR AUTRES BIENS ET SERVICES			06/12	20220620	PHARMACIE DU MARCHE	2,11	0,00						20220620	CH		
AD	A Nouveaux Détaillés	0	20220621	44566000	ETAT TVA SUR AUTRES BIENS ET SERVICES			06/29	20220621	ITALIAN FOOD F.1725	103,09	0,00						20220621	CH		
AD	A Nouveaux Détaillés	0	20220622	44566000	ETAT TVA SUR AUTRES BIENS ET SERVICES			06/15	20220622	LA DROGUERIE 	9,07	0,00						20220622	CH		
AD	A Nouveaux Détaillés	0	20220622	44566000	ETAT TVA SUR AUTRES BIENS ET SERVICES			06/28	20220622	OFFICE DEPOT F.7300315	1,84	0,00						20220622	CH		
AD	A Nouveaux Détaillés	0	20220624	44566000	ETAT TVA SUR AUTRES BIENS ET SERVICES			06/27	20220624	ITALIAN FOOD F.1754	127,25	0,00						20220624	CH		
AD	A Nouveaux Détaillés	0	20220625	44566000	ETAT TVA SUR AUTRES BIENS ET SERVICES			06/33	20220625	CARREFOUR CITY	0,21	0,00						20220625	CH		
AD	A Nouveaux Détaillés	0	20220627	44566000	ETAT TVA SUR AUTRES BIENS ET SERVICES			06/32	20220627	BRIGANTE	7,00	0,00						20220627	CH		
AD	A Nouveaux Détaillés	0	20220628	44566000	ETAT TVA SUR AUTRES BIENS ET SERVICES			06/26	20220628	ITALIAN FOOD F.1800	38,53	0,00						20220628	CH		
AD	A Nouveaux Détaillés	0	20220629	44566000	ETAT TVA SUR AUTRES BIENS ET SERVICES			06/34	20220629	C2S STORE	2,90	0,00						20220629	CH		
AD	A Nouveaux Détaillés	0	20220630	44566000	ETAT TVA SUR AUTRES BIENS ET SERVICES			06/2022	20220630	TVA 06/2022	0,00	1022,00						20220630	CH		
AD	A Nouveaux Détaillés	0	20220630	44571010	TVA COLLECTEE 10%			06/2022	20220630	TVA 06/2022	1814,00	0,00						20220630	CH		
AD	A Nouveaux Détaillés	0	20220630	44571010	TVA COLLECTEE 10%			06/2022	20220630	TVA COLLECTEE 10%	0,00	2072,50						20220630	CH		
AD	A Nouveaux Détaillés	0	20220630	41100000	CLIENTS	CCHQ	RECETTE CHQ	06/2022	20220630	RECETTE CHQ	153,00	0,00						20220630	CH		
AD	A Nouveaux Détaillés	0	20220701	44566000	ETAT TVA SUR AUTRES BIENS ET SERVICES			07/23	20220701	ITALIAN FOOD F.1840	23,17	0,00						20220701	CH		
AD	A Nouveaux Détaillés	0	20220703	44566000	ETAT TVA SUR AUTRES BIENS ET SERVICES			07/25	20220703	A 2 PAS	0,59	0,00						20220703	CH		
AD	A Nouveaux Détaillés	0	20220705	44566000	ETAT TVA SUR AUTRES BIENS ET SERVICES			07/22	20220705	ITALIAN FOOD F.1873	46,83	0,00						20220705	CH		
AD	A Nouveaux Détaillés	0	20220705	44566000	ETAT TVA SUR AUTRES BIENS ET SERVICES			07/24	20220705	NESPRESSO	3,81	0,00						20220705	CH		
AD	A Nouveaux Détaillés	0	20220705	44566000	ETAT TVA SUR AUTRES BIENS ET SERVICES			07/28	20220705	A 2 PAS	4,79	0,00						20220705	CH		
AD	A Nouveaux Détaillés	0	20220705	44566000	ETAT TVA SUR AUTRES BIENS ET SERVICES			07/29	20220705	MEREGALLI F.3208	377,08	0,00						20220705	CH		
AD	A Nouveaux Détaillés	0	20220706	44566000	ETAT TVA SUR AUTRES BIENS ET SERVICES			07/26	20220706	A 2 PAS	2,34	0,00						20220706	CH		
AD	A Nouveaux Détaillés	0	20220707	44566000	ETAT TVA SUR AUTRES BIENS ET SERVICES			07/17	20220707	VERGER ST PAUL	0,48	0,00						20220707	CH		
AD	A Nouveaux Détaillés	0	20220708	44566000	ETAT TVA SUR AUTRES BIENS ET SERVICES			07/21	20220708	ITALIAN FOOD F.1907	28,16	0,00						20220708	CH		
AD	A Nouveaux Détaillés	0	20220712	44566000	ETAT TVA SUR AUTRES BIENS ET SERVICES			07/20	20220712	ITALIAN FOOD F.1957	34,67	0,00						20220712	CH		
AD	A Nouveaux Détaillés	0	20220712	44566000	ETAT TVA SUR AUTRES BIENS ET SERVICES			07/31	20220712	COURIR	13,67	0,00						20220712	CH		
AD	A Nouveaux Détaillés	0	20220714	44566000	ETAT TVA SUR AUTRES BIENS ET SERVICES			07/34	20220714	VERGER ST PAUL	0,18	0,00						20220714	CH		
AD	A Nouveaux Détaillés	0	20220715	44566000	ETAT TVA SUR AUTRES BIENS ET SERVICES			07/19	20220715	ITALIAN FOOD F.1972	47,68	0,00						20220715	CH		
AD	A Nouveaux Détaillés	0	20220715	44566000	ETAT TVA SUR AUTRES BIENS ET SERVICES			07/36	20220715	PHARMACIE	1,92	0,00						20220715	CH		
AD	A Nouveaux Détaillés	0	20220715	44566000	ETAT TVA SUR AUTRES BIENS ET SERVICES			07/37	20220715	PHARMACIE	2,60	0,00						20220715	CH		
AD	A Nouveaux Détaillés	0	20220716	44566000	ETAT TVA SUR AUTRES BIENS ET SERVICES			07/33	20220716	VERGER ST PAUL	0,42	0,00						20220716	CH		
AD	A Nouveaux Détaillés	0	20220716	44566000	ETAT TVA SUR AUTRES BIENS ET SERVICES			07/38	20220716	PICARD	0,31	0,00						20220716	CH		
AD	A Nouveaux Détaillés	0	20220718	41100000	CLIENTS	CCHQ	RECETTE CHQ	REM CHQ	20220718	RECETTE CHQ	0,00	740,50						20220718	CH		
AD	A Nouveaux Détaillés	0	20220719	44566000	ETAT TVA SUR AUTRES BIENS ET SERVICES			07/18	20220719	ITALIAN FOOD	137,54	0,00						20220719	CH		
AD	A Nouveaux Détaillés	0	20220720	44566000	ETAT TVA SUR AUTRES BIENS ET SERVICES			07/12	20220720	LES MANUFACTURES	1,82	0,00						20220720	CH		
AD	A Nouveaux Détaillés	0	20220720	44566000	ETAT TVA SUR AUTRES BIENS ET SERVICES			07/30	20220720	MEREGALLI F.3428	320,88	0,00						20220720	CH		
AD	A Nouveaux Détaillés	0	20220721	44566000	ETAT TVA SUR AUTRES BIENS ET SERVICES			2022007578	20220721	SUMATRA 08/22	773,92	0,00						20220721	CH		
AD	A Nouveaux Détaillés	0	20220721	40100000	FOURNISSEURS	FLOYER	SUMATRA	2022007578	20220721	SUMATRA 08/22	0,00	4643,50						20220721	CH		
AD	A Nouveaux Détaillés	0	20220722	44566000	ETAT TVA SUR AUTRES BIENS ET SERVICES			07/13	20220722	SUPERMARCHE	4,44	0,00						20220722	CH		
AD	A Nouveaux Détaillés	0	20220723	44566000	ETAT TVA SUR AUTRES BIENS ET SERVICES			07/14	20220723	BRICOLEX	1,08	0,00						20220723	CH		
AD	A Nouveaux Détaillés	0	20220723	44566000	ETAT TVA SUR AUTRES BIENS ET SERVICES			07/15	20220723	OFFICE DEPOT	2,15	0,00						20220723	CH		
AD	A Nouveaux Détaillés	0	20220726	44566000	ETAT TVA SUR AUTRES BIENS ET SERVICES			07/06	20220726	PHARMACIE	3,35	0,00						20220726	CH		
AD	A Nouveaux Détaillés	0	20220726	44566000	ETAT TVA SUR AUTRES BIENS ET SERVICES			07/32	20220726	ITALIAN FOOD F.2095	7,86	0,00						20220726	CH		
AD	A Nouveaux Détaillés	0	20220727	44566000	ETAT TVA SUR AUTRES BIENS ET SERVICES			07/08	20220727	A 2 PAS	0,72	0,00						20220727	CH		
AD	A Nouveaux Détaillés	0	20220729	44566000	ETAT TVA SUR AUTRES BIENS ET SERVICES			07/04	20220729	VERGER ST PAUL	0,39	0,00						20220729	CH		
AD	A Nouveaux Détaillés	0	20220729	44566000	ETAT TVA SUR AUTRES BIENS ET SERVICES			FNP	20220729	OFFICE DEPOT	2,15	0,00						20220729	CH		
AD	A Nouveaux Détaillés	0	20220730	43720000	GROUPE MORNAY			07/2022	20220730	SALAIRE CS PP P	0,00	12,61						20220730	CH		
AD	A Nouveaux Détaillés	0	20220730	43720000	GROUPE MORNAY			07/2022	20220730	SALAIRE CS PP M	0,00	28,00						20220730	CH		
AD	A Nouveaux Détaillés	0	20220730	43750000	RETRAITE NON CADRE			07/2022	20220730	SALAIRE	0,00	119,17						20220730	CH		
AD	A Nouveaux Détaillés	0	20220730	43750000	RETRAITE NON CADRE			07/2022	20220730	SALAIRE CS PP 	0,00	96,50						20220730	CH		
AD	A Nouveaux Détaillés	0	20220730	44566000	ETAT TVA SUR AUTRES BIENS ET SERVICES			07/01	20220730	C2S STORE	2,19	0,00						20220730	CH		
AD	A Nouveaux Détaillés	0	20220730	44566000	ETAT TVA SUR AUTRES BIENS ET SERVICES			07/02	20220730	PICARD	0,31	0,00						20220730	CH		
AD	A Nouveaux Détaillés	0	20220730	44566000	ETAT TVA SUR AUTRES BIENS ET SERVICES			07/39	20220730	VERGER ST PAUL	0,35	0,00						20220730	CH		
AD	A Nouveaux Détaillés	0	20220731	44571010	TVA COLLECTEE 10%			07/2022	20220731	TVA COLLECTEE 10%	0,00	1744,68						20220731	CH		
AD	A Nouveaux Détaillés	0	20220808	44566000	ETAT TVA SUR AUTRES BIENS ET SERVICES			2022008580	20220808	SUMATRA 09/22	773,92	0,00						20220808	CH		
AD	A Nouveaux Détaillés	0	20220811	44566000	ETAT TVA SUR AUTRES BIENS ET SERVICES			08/04	20220811	CARREFOUR SHOPY	28,88	0,00						20220811	CH		
AD	A Nouveaux Détaillés	0	20220815	44566000	ETAT TVA SUR AUTRES BIENS ET SERVICES			08/06	20220815	INTERMARCHE	6,35	0,00						20220815	CH		
AD	A Nouveaux Détaillés	0	20220816	42103700	NDIAYE BADO			VIR	20220816	NDIAYE BADO Accompte 	352,00	0,00						20220816	CH		
AD	A Nouveaux Détaillés	0	20220817	44566000	ETAT TVA SUR AUTRES BIENS ET SERVICES			08/05	20220817	INTERMARCHE	9,39	0,00						20220817	CH		
AD	A Nouveaux Détaillés	0	20220825	43750000	RETRAITE NON CADRE			PRLV	20220825	KLESIA RETRAITE 	192,38	0,00						20220825	CH		
AD	A Nouveaux Détaillés	0	20220827	44566000	ETAT TVA SUR AUTRES BIENS ET SERVICES			08/09	20220827	VERGER ST PAUL	0,68	0,00						20220827	CH		
AD	A Nouveaux Détaillés	0	20220827	44566000	ETAT TVA SUR AUTRES BIENS ET SERVICES			08/11	20220827	PICARD	0,31	0,00						20220827	CH		
AD	A Nouveaux Détaillés	0	20220828	44566000	ETAT TVA SUR AUTRES BIENS ET SERVICES			08/03	20220828	ITALIAN FOOD F.2210	96,10	0,00						20220828	CH		
AD	A Nouveaux Détaillés	0	20220830	42103700	NDIAYE BADO			08/2022	20220830	NDIAYE BADO	0,00	447,73						20220830	CH		
AD	A Nouveaux Détaillés	0	20220830	43720000	GROUPE MORNAY			08/2022	20220830	SALAIRE	0,00	12,61						20220830	CH		
AD	A Nouveaux Détaillés	0	20220830	43720000	GROUPE MORNAY			08/2022	20220830	SALAIRE	0,00	28,00						20220830	CH		
AD	A Nouveaux Détaillés	0	20220830	43720000	GROUPE MORNAY			08/2022	20220830	SALAIRE CS PP P	0,00	12,61						20220830	CH		
AD	A Nouveaux Détaillés	0	20220830	43720000	GROUPE MORNAY			08/2022	20220830	SALAIRE CS PP M	0,00	28,00						20220830	CH		
AD	A Nouveaux Détaillés	0	20220830	44566000	ETAT TVA SUR AUTRES BIENS ET SERVICES			08/02	20220830	ITALIAN FOOD F.2255	19,42	0,00						20220830	CH		
AD	A Nouveaux Détaillés	0	20220831	44566000	ETAT TVA SUR AUTRES BIENS ET SERVICES			08/01	20220831	CHOMETTE FAVOR F.3635623	128,57	0,00						20220831	CH		
AD	A Nouveaux Détaillés	0	20220831	44566000	ETAT TVA SUR AUTRES BIENS ET SERVICES			08/2022	20220831	TVA 08/2022	0,00	2598,00						20220831	CH		
AD	A Nouveaux Détaillés	0	20220831	44571010	TVA COLLECTEE 10%			08/2022	20220831	TVA 08/2022	3667,00	0,00						20220831	CH		
AD	A Nouveaux Détaillés	0	20220831	44571010	TVA COLLECTEE 10%			08/2022	20220831	TVA COLLECTEE 10%	0,00	347,27						20220831	CH		
AD	A Nouveaux Détaillés	0	20220831	40100000	FOURNISSEURS	FLOYER	SUMATRA	VIR	20220831	SUMATRA JUILLET	4354,82	0,00	A	20221231				20220831	CH		
AD	A Nouveaux Détaillés	0	20220902	44566000	ETAT TVA SUR AUTRES BIENS ET SERVICES			09/02	20220902	ITALIAN FOOD F.2279	89,56	0,00						20220902	CH		
AD	A Nouveaux Détaillés	0	20220904	44566000	ETAT TVA SUR AUTRES BIENS ET SERVICES			09/10	20220904	A 2 PAS	1,64	0,00						20220904	CH		
AD	A Nouveaux Détaillés	0	20220906	42103700	NDIAYE BADO			VIR	20220906	NDIAYE BADO ACCOMPTE	350,00	0,00						20220906	CH		
AD	A Nouveaux Détaillés	0	20220907	44566000	ETAT TVA SUR AUTRES BIENS ET SERVICES			09/08	20220907	A 2 PAS	0,74	0,00						20220907	CH		
AD	A Nouveaux Détaillés	0	20220908	44566000	ETAT TVA SUR AUTRES BIENS ET SERVICES			09/07	20220908	NESPRESSO	4,07	0,00						20220908	CH		
AD	A Nouveaux Détaillés	0	20220909	44566000	ETAT TVA SUR AUTRES BIENS ET SERVICES			09/01	20220909	ITALIAN FOOD F.2353	55,20	0,00						20220909	CH		
AD	A Nouveaux Détaillés	0	20220909	44566000	ETAT TVA SUR AUTRES BIENS ET SERVICES			09/06	20220909	VERGER ST PAUL	0,56	0,00						20220909	CH		
AD	A Nouveaux Détaillés	0	20220911	44566000	ETAT TVA SUR AUTRES BIENS ET SERVICES			09/13	20220911	A 2 PAS	2,46	0,00						20220911	CH		
AD	A Nouveaux Détaillés	0	20220913	44566000	ETAT TVA SUR AUTRES BIENS ET SERVICES			09/04	20220913	VERGER ST PAUL	0,31	0,00						20220913	CH		
AD	A Nouveaux Détaillés	0	20220914	44566000	ETAT TVA SUR AUTRES BIENS ET SERVICES			09/03	20220914	VERGER ST PAUL	0,16	0,00						20220914	CH		
AD	A Nouveaux Détaillés	0	20220914	44566000	ETAT TVA SUR AUTRES BIENS ET SERVICES			09/27	20220914	DOCTEUR CAFARD	12,50	0,00						20220914	CH		
AD	A Nouveaux Détaillés	0	20220914	44566000	ETAT TVA SUR AUTRES BIENS ET SERVICES			2022009585	20220914	SUMATRA 10/22	773,92	0,00						20220914	CH		
AD	A Nouveaux Détaillés	0	20220915	44566000	ETAT TVA SUR AUTRES BIENS ET SERVICES			09/24	20220915	MEREGALLI F.4055	544,43	0,00						20220915	CH		
AD	A Nouveaux Détaillés	0	20220916	44566000	ETAT TVA SUR AUTRES BIENS ET SERVICES			09/26	20220916	ITALIAN FOOD F.2428	76,07	0,00						20220916	CH		
AD	A Nouveaux Détaillés	0	20220919	44566000	ETAT TVA SUR AUTRES BIENS ET SERVICES			09/12	20220919	A 2 PAS	1,00	0,00						20220919	CH		
AD	A Nouveaux Détaillés	0	20220920	44566000	ETAT TVA SUR AUTRES BIENS ET SERVICES			09/20	20220920	ITALIAN FOOD F.2472	20,84	0,00						20220920	CH		
AD	A Nouveaux Détaillés	0	20220922	44566000	ETAT TVA SUR AUTRES BIENS ET SERVICES			09/25	20220922	CHOMETTE FAVOR F.3659196	1,40	0,00						20220922	CH		
AD	A Nouveaux Détaillés	0	20220923	44566000	ETAT TVA SUR AUTRES BIENS ET SERVICES			09/11	20220923	A 2 PAS	0,97	0,00						20220923	CH		
AD	A Nouveaux Détaillés	0	20220923	44566000	ETAT TVA SUR AUTRES BIENS ET SERVICES			09/14	20220923	PICARD	0,59	0,00						20220923	CH		
AD	A Nouveaux Détaillés	0	20220923	44566000	ETAT TVA SUR AUTRES BIENS ET SERVICES			09/22	20220923	ITALIAN FOOD F.2512	12,32	0,00						20220923	CH		
AD	A Nouveaux Détaillés	0	20220924	44566000	ETAT TVA SUR AUTRES BIENS ET SERVICES			09/17	20220924	A 2 PAS	1,85	0,00						20220924	CH		
AD	A Nouveaux Détaillés	0	20220924	44566000	ETAT TVA SUR AUTRES BIENS ET SERVICES			09/28	20220924	VERGER ST PAUL	0,51	0,00						20220924	CH		
AD	A Nouveaux Détaillés	0	20220927	44566000	ETAT TVA SUR AUTRES BIENS ET SERVICES			09/21	20220927	ITALIAN FOOD F.2553	40,02	0,00						20220927	CH		
AD	A Nouveaux Détaillés	0	20220928	44566000	ETAT TVA SUR AUTRES BIENS ET SERVICES			09/18	20220928	A 2 PAS	0,60	0,00						20220928	CH		
AD	A Nouveaux Détaillés	0	20220929	44566000	ETAT TVA SUR AUTRES BIENS ET SERVICES			09/29	20220929	VERGER ST PAUL	0,16	0,00						20220929	CH		
AD	A Nouveaux Détaillés	0	20220930	43720000	GROUPE MORNAY			09/2022	20220930	SALAIRE	0,00	12,61						20220930	CH		
AD	A Nouveaux Détaillés	0	20220930	43720000	GROUPE MORNAY			09/2022	20220930	SALAIRE	0,00	28,00						20220930	CH		
AD	A Nouveaux Détaillés	0	20220930	43720000	GROUPE MORNAY			09/2022	20220930	SALAIRE CS PP P	0,00	12,61						20220930	CH		
AD	A Nouveaux Détaillés	0	20220930	43720000	GROUPE MORNAY			09/2022	20220930	SALAIRE CS PP M	0,00	28,00						20220930	CH		
AD	A Nouveaux Détaillés	0	20220930	44566000	ETAT TVA SUR AUTRES BIENS ET SERVICES			09/23	20220930	ITALIAN FOOD F.2590	68,83	0,00						20220930	CH		
AD	A Nouveaux Détaillés	0	20220930	44566000	ETAT TVA SUR AUTRES BIENS ET SERVICES			09/2022	20220930	TVA 09/2022	0,00	367,00						20220930	CH		
AD	A Nouveaux Détaillés	0	20220930	44571010	TVA COLLECTEE 10%			09/2022	20220930	TVA 09/2022	2053,00	0,00						20220930	CH		
AD	A Nouveaux Détaillés	0	20220930	44571010	TVA COLLECTEE 10%			09/2022	20220930	TVA COLLECTEE 10%	0,00	2319,45						20220930	CH		
AD	A Nouveaux Détaillés	0	20221003	44566000	ETAT TVA SUR AUTRES BIENS ET SERVICES			10/01	20221003	A 2 PAS	2,37	0,00						20221003	CH		
AD	A Nouveaux Détaillés	0	20221004	44566000	ETAT TVA SUR AUTRES BIENS ET SERVICES			10/02	20221004	DICP 0019741	24,00	0,00						20221004	CH		
AD	A Nouveaux Détaillés	0	20221005	44566000	ETAT TVA SUR AUTRES BIENS ET SERVICES			10/07	20221005	VERGER ST PAUL	0,34	0,00						20221005	CH		
AD	A Nouveaux Détaillés	0	20221006	44566000	ETAT TVA SUR AUTRES BIENS ET SERVICES			10/06	20221006	VERGER ST PAUL	0,26	0,00						20221006	CH		
AD	A Nouveaux Détaillés	0	20221006	44566000	ETAT TVA SUR AUTRES BIENS ET SERVICES			10/11	20221006	PICARD	0,91	0,00						20221006	CH		
AD	A Nouveaux Détaillés	0	20221007	44566000	ETAT TVA SUR AUTRES BIENS ET SERVICES			10/03	20221007	ITALIAN FOOD F.2664	42,98	0,00						20221007	CH		
AD	A Nouveaux Détaillés	0	20221009	44566000	ETAT TVA SUR AUTRES BIENS ET SERVICES			10/10	20221009	A 2 PAS	0,70	0,00						20221009	CH		
AD	A Nouveaux Détaillés	0	20221011	44566000	ETAT TVA SUR AUTRES BIENS ET SERVICES			10/04	20221011	ITALIAN FOOD F.2703	75,30	0,00						20221011	CH		
AD	A Nouveaux Détaillés	0	20221011	44566000	ETAT TVA SUR AUTRES BIENS ET SERVICES			10/08	20221011	A 2 PAS	1,16	0,00						20221011	CH		
AD	A Nouveaux Détaillés	0	20221011	44566000	ETAT TVA SUR AUTRES BIENS ET SERVICES			10/09	20221011	VERGER ST PAUL	0,54	0,00						20221011	CH		
AD	A Nouveaux Détaillés	0	20221011	44566000	ETAT TVA SUR AUTRES BIENS ET SERVICES			10/39	20221011	VERRERIE DES HALLES 22100363	95,12	0,00						20221011	CH		
AD	A Nouveaux Détaillés	0	20221011	40100000	FOURNISSEURS	FVERRERI	VERRERIE DES HALLES	10/39	20221011	VERRERIE DES HALLES 22100363	0,00	570,70	A	20230411				20221011	CH		
AD	A Nouveaux Détaillés	0	20221013	44566000	ETAT TVA SUR AUTRES BIENS ET SERVICES			10/37	20221013	CHOMETTE FAVOR F.3681374	101,93	0,00						20221013	CH		
AD	A Nouveaux Détaillés	0	20221014	44566000	ETAT TVA SUR AUTRES BIENS ET SERVICES			10/34	20221014	ITALIAN FOOD F.2743	28,07	0,00						20221014	CH		
AD	A Nouveaux Détaillés	0	20221018	44566000	ETAT TVA SUR AUTRES BIENS ET SERVICES			10/33	20221018	ITALIAN FOOD F.2789	36,70	0,00						20221018	CH		
AD	A Nouveaux Détaillés	0	20221019	44566000	ETAT TVA SUR AUTRES BIENS ET SERVICES			10/14	20221019	VERGER ST PAUL	0,26	0,00						20221019	CH		
AD	A Nouveaux Détaillés	0	20221019	44566000	ETAT TVA SUR AUTRES BIENS ET SERVICES			10/15	20221019	A 2 PAS	0,52	0,00						20221019	CH		
AD	A Nouveaux Détaillés	0	20221020	44566000	ETAT TVA SUR AUTRES BIENS ET SERVICES			10/16	20221020	PICARD	0,59	0,00						20221020	CH		
AD	A Nouveaux Détaillés	0	20221020	44566000	ETAT TVA SUR AUTRES BIENS ET SERVICES			10/17	20221020	NESPRESSO	4,07	0,00						20221020	CH		
AD	A Nouveaux Détaillés	0	20221020	44566000	ETAT TVA SUR AUTRES BIENS ET SERVICES			2022010588	20221020	SUMATRA 11/22	773,92	0,00						20221020	CH		
AD	A Nouveaux Détaillés	0	20221021	44566000	ETAT TVA SUR AUTRES BIENS ET SERVICES			10/20	20221021	PHARMACIE	2,58	0,00						20221021	CH		
AD	A Nouveaux Détaillés	0	20221021	44566000	ETAT TVA SUR AUTRES BIENS ET SERVICES			10/22	20221021	A 2 PAS	1,85	0,00						20221021	CH		
AD	A Nouveaux Détaillés	0	20221021	44566000	ETAT TVA SUR AUTRES BIENS ET SERVICES			10/23	20221021	A 2 PAS	0,52	0,00						20221021	CH		
AD	A Nouveaux Détaillés	0	20221022	44566000	ETAT TVA SUR AUTRES BIENS ET SERVICES			10/19	20221022	MONOPRIX	0,54	0,00						20221022	CH		
AD	A Nouveaux Détaillés	0	20221025	44566000	ETAT TVA SUR AUTRES BIENS ET SERVICES			10/35	20221025	ITALIAN FOOD F.2864	20,73	0,00						20221025	CH		
AD	A Nouveaux Détaillés	0	20221027	44566000	ETAT TVA SUR AUTRES BIENS ET SERVICES			10/25	20221027	VERGER ST PAUL	0,23	0,00						20221027	CH		
AD	A Nouveaux Détaillés	0	20221027	44566000	ETAT TVA SUR AUTRES BIENS ET SERVICES			10/38	20221027	MEREGALLI F.4829	758,36	0,00						20221027	CH		
AD	A Nouveaux Détaillés	0	20221028	44566000	ETAT TVA SUR AUTRES BIENS ET SERVICES			10/36	20221028	ITALIAN FOOD F.2898	67,67	0,00						20221028	CH		
AD	A Nouveaux Détaillés	0	20221029	44566000	ETAT TVA SUR AUTRES BIENS ET SERVICES			10/18	20221029	PICARD	0,59	0,00						20221029	CH		
AD	A Nouveaux Détaillés	0	20221029	44566000	ETAT TVA SUR AUTRES BIENS ET SERVICES			10/26	20221029	A 2 PAS	0,50	0,00						20221029	CH		
AD	A Nouveaux Détaillés	0	20221029	44566000	ETAT TVA SUR AUTRES BIENS ET SERVICES			10/28	20221029	A 2 PAS	3,82	0,00						20221029	CH		
AD	A Nouveaux Détaillés	0	20221029	44566000	ETAT TVA SUR AUTRES BIENS ET SERVICES			10/29	20221029	VERGER ST PAUL	0,55	0,00						20221029	CH		
AD	A Nouveaux Détaillés	0	20221030	43720000	GROUPE MORNAY			10/2022	20221030	SALAIRE	0,00	12,61						20221030	CH		
AD	A Nouveaux Détaillés	0	20221030	43720000	GROUPE MORNAY			10/2022	20221030	SALAIRE CS PP P	0,00	12,61						20221030	CH		
AD	A Nouveaux Détaillés	0	20221030	43720000	GROUPE MORNAY			10/2022	20221030	SALAIRE	0,00	18,20						20221030	CH		
AD	A Nouveaux Détaillés	0	20221030	43720000	GROUPE MORNAY			10/2022	20221030	SALAIRE CS PP M	0,00	38,16						20221030	CH		
AD	A Nouveaux Détaillés	0	20221030	44566000	ETAT TVA SUR AUTRES BIENS ET SERVICES			10/24	20221030	A 2 PAS	0,99	0,00						20221030	CH		
AD	A Nouveaux Détaillés	0	20221031	44566000	ETAT TVA SUR AUTRES BIENS ET SERVICES			10/2022	20221031	TVA 10/2022	0,00	1031,00						20221031	CH		
AD	A Nouveaux Détaillés	0	20221031	44566000	ETAT TVA SUR AUTRES BIENS ET SERVICES			10/31	20221031	A 2 PAS	1,57	0,00						20221031	CH		
AD	A Nouveaux Détaillés	0	20221031	44571010	TVA COLLECTEE 10%			10/2022	20221031	TVA 10/2022	1833,00	0,00						20221031	CH		
AD	A Nouveaux Détaillés	0	20221031	44571010	TVA COLLECTEE 10%			10/2022	20221031	TVA COLLECTEE 10%	0,00	2767,77						20221031	CH		
AD	A Nouveaux Détaillés	0	20221101	44566000	ETAT TVA SUR AUTRES BIENS ET SERVICES			11/09	20221101	ITALIAN FOOD F.2933	58,40	0,00						20221101	CH		
AD	A Nouveaux Détaillés	0	20221102	44566000	ETAT TVA SUR AUTRES BIENS ET SERVICES			11/03	20221102	VERGER ST PAUL	0,29	0,00						20221102	CH		
AD	A Nouveaux Détaillés	0	20221102	44566000	ETAT TVA SUR AUTRES BIENS ET SERVICES			11/14	20221102	VERRERIE DES HALLES 22110055	9,79	0,00						20221102	CH		
AD	A Nouveaux Détaillés	0	20221102	40100000	FOURNISSEURS	FVERRERI	VERRERIE DES HALLES	11/14	20221102	VERRERIE DES HALLES 22110055	0,00	58,75	A	20230411				20221102	CH		
AD	A Nouveaux Détaillés	0	20221104	44566000	ETAT TVA SUR AUTRES BIENS ET SERVICES			11/11	20221104	ITALIAN FOOD F.2973	6,23	0,00						20221104	CH		
AD	A Nouveaux Détaillés	0	20221105	44566000	ETAT TVA SUR AUTRES BIENS ET SERVICES			11/06	20221105	VERGER ST PAUL	0,48	0,00						20221105	CH		
AD	A Nouveaux Détaillés	0	20221108	44566000	ETAT TVA SUR AUTRES BIENS ET SERVICES			11/10	20221108	ITALIAN FOOD F.3015	45,12	0,00						20221108	CH		
AD	A Nouveaux Détaillés	0	20221108	44566000	ETAT TVA SUR AUTRES BIENS ET SERVICES			11/15	20221108	EDF F.9109	2,12	0,00						20221108	CH		
AD	A Nouveaux Détaillés	0	20221109	44566000	ETAT TVA SUR AUTRES BIENS ET SERVICES			11/07	20221109	A 2 PAS	1,82	0,00						20221109	CH		
AD	A Nouveaux Détaillés	0	20221109	44566000	ETAT TVA SUR AUTRES BIENS ET SERVICES			FNP	20221109	MEREGALLI	311,83	0,00						20221109	CH		
AD	A Nouveaux Détaillés	0	20221110	44566000	ETAT TVA SUR AUTRES BIENS ET SERVICES			FNP	20221110	MEREGALLI	162,24	0,00						20221110	CH		
AD	A Nouveaux Détaillés	0	20221111	44566000	ETAT TVA SUR AUTRES BIENS ET SERVICES			11/08	20221111	ITALIAN FOOD F.3055	51,79	0,00						20221111	CH		
AD	A Nouveaux Détaillés	0	20221115	44566000	ETAT TVA SUR AUTRES BIENS ET SERVICES			11/13	20221115	ITALIAN FOOD F.3096	41,00	0,00						20221115	CH		
AD	A Nouveaux Détaillés	0	20221118	44566000	ETAT TVA SUR AUTRES BIENS ET SERVICES			FNP	20221118	MEREGALLI	69,21	0,00						20221118	CH		
AD	A Nouveaux Détaillés	0	20221121	44566000	ETAT TVA SUR AUTRES BIENS ET SERVICES			11/12	20221121	ITALIAN FOOD F.2819	27,83	0,00						20221121	CH		
AD	A Nouveaux Détaillés	0	20221121	44566000	ETAT TVA SUR AUTRES BIENS ET SERVICES			2022011592	20221121	SUMATRA 12/22	773,92	0,00						20221121	CH		
AD	A Nouveaux Détaillés	0	20221130	42103700	NDIAYE BADO			11/2022	20221130	NDIAYE BADO	0,00	660,27						20221130	CH		
AD	A Nouveaux Détaillés	0	20221130	43720000	GROUPE MORNAY			11/2022	20221130	SALAIRE	0,00	12,61						20221130	CH		
AD	A Nouveaux Détaillés	0	20221130	43720000	GROUPE MORNAY			11/2022	20221130	SALAIRE CS PP P	0,00	12,61						20221130	CH		
AD	A Nouveaux Détaillés	0	20221130	43720000	GROUPE MORNAY			11/2022	20221130	SALAIRE	0,00	32,90						20221130	CH		
AD	A Nouveaux Détaillés	0	20221130	43720000	GROUPE MORNAY			11/2022	20221130	SALAIRE CS PP M	0,00	61,08						20221130	CH		
AD	A Nouveaux Détaillés	0	20221130	44566000	ETAT TVA SUR AUTRES BIENS ET SERVICES			11/2022	20221130	TVA 11/2022	0,00	1079,00						20221130	CH		
AD	A Nouveaux Détaillés	0	20221130	44571010	TVA COLLECTEE 10%			11/2022	20221130	TVA 11/2022	1580,00	0,00						20221130	CH		
AD	A Nouveaux Détaillés	0	20221130	44571010	TVA COLLECTEE 10%			11/2022	20221130	TVA COLLECTEE 10%	0,00	1896,77						20221130	CH		
AD	A Nouveaux Détaillés	0	20221202	41100000	CLIENTS	CCHQ	RECETTE CHQ	REM CHQ	20221202	RECETTE CHQ	0,00	526,50						20221202	CH		
AD	A Nouveaux Détaillés	0	20221219	44566000	ETAT TVA SUR AUTRES BIENS ET SERVICES			2022012596	20221219	SUMATRA 01/2023	773,92	0,00						20221219	CH		
AD	A Nouveaux Détaillés	0	20221222	44566000	ETAT TVA SUR AUTRES BIENS ET SERVICES			12/02	20221222	CHASSINEAU F105092	6,95	0,00						20221222	CH		
AD	A Nouveaux Détaillés	0	20221230	42100300	PITZUS LEONARDO			12/2022	20221230	PITZUS LEONARDO	0,00	1436,42	A	20230113				20221230	CH		
AD	A Nouveaux Détaillés	0	20221230	42103700	NDIAYE BADO			12/2022	20221230	NDIAYE BADO	0,00	232,52	A	20230120				20221230	CH		
AD	A Nouveaux Détaillés	0	20221230	43100000	SECURITE SOCIALE			12/2022	20221230	SALAIRE	0,00	406,27	A	20230117				20221230	CH		
AD	A Nouveaux Détaillés	0	20221230	43100000	SECURITE SOCIALE			12/2022	20221230	SALAIRE CS PP 	0,00	333,80	A	20230117				20221230	CH		
AD	A Nouveaux Détaillés	0	20221230	43720000	GROUPE MORNAY			12/2022	20221230	SALAIRE	0,00	12,61						20221230	CH		
AD	A Nouveaux Détaillés	0	20221230	43720000	GROUPE MORNAY			12/2022	20221230	SALAIRE	0,00	32,90						20221230	CH		
AD	A Nouveaux Détaillés	0	20221230	43720000	GROUPE MORNAY			12/2022	20221230	SALAIRE CS PP P	0,00	12,61						20221230	CH		
AD	A Nouveaux Détaillés	0	20221230	43720000	GROUPE MORNAY			12/2022	20221230	SALAIRE CS PP M	0,00	61,08						20221230	CH		
AD	A Nouveaux Détaillés	0	20221230	43750000	RETRAITE NON CADRE			12/2022	20221230	SALAIRE	0,00	95,09	A	20230125				20221230	CH		
AD	A Nouveaux Détaillés	0	20221230	43750000	RETRAITE NON CADRE			12/2022	20221230	SALAIRE CS PP 	0,00	61,24	A	20230125				20221230	CH		
AD	A Nouveaux Détaillés	0	20221230	44566000	ETAT TVA SUR AUTRES BIENS ET SERVICES			FNP	20221230	DIVERS	141,83	0,00						20221230	CH		
AD	A Nouveaux Détaillés	0	20221231	44551000	ETAT TVA A DECAISSER			12/2022	20221231	TVA 12/2022	0,00	63,00	A	20230124				20221231	CH		
AD	A Nouveaux Détaillés	0	20221231	44566000	ETAT TVA SUR AUTRES BIENS ET SERVICES			FNP	20221231	A 2 PAS	17,42	0,00						20221231	CH		
AD	A Nouveaux Détaillés	0	20221231	44566000	ETAT TVA SUR AUTRES BIENS ET SERVICES			FNP	20221231	BHV	16,53	0,00						20221231	CH		
AD	A Nouveaux Détaillés	0	20221231	44566000	ETAT TVA SUR AUTRES BIENS ET SERVICES			FNP	20221231	BOULANGERIE DE RENNES	91,97	0,00						20221231	CH		
AD	A Nouveaux Détaillés	0	20221231	44566000	ETAT TVA SUR AUTRES BIENS ET SERVICES			FNP	20221231	CHASSINEAU	205,65	0,00						20221231	CH		
AD	A Nouveaux Détaillés	0	20221231	44566000	ETAT TVA SUR AUTRES BIENS ET SERVICES			FNP	20221231	ELIS	472,20	0,00						20221231	CH		
AD	A Nouveaux Détaillés	0	20221231	44566000	ETAT TVA SUR AUTRES BIENS ET SERVICES			FNP	20221231	NESPRESSO	4,07	0,00						20221231	CH		
AD	A Nouveaux Détaillés	0	20221231	44566000	ETAT TVA SUR AUTRES BIENS ET SERVICES			FNP	20221231	ORANGE	134,24	0,00						20221231	CH		
AD	A Nouveaux Détaillés	0	20221231	44566000	ETAT TVA SUR AUTRES BIENS ET SERVICES			FNP	20221231	PICARD	0,46	0,00						20221231	CH		
AD	A Nouveaux Détaillés	0	20221231	44566000	ETAT TVA SUR AUTRES BIENS ET SERVICES			FNP	20221231	REYNAUD	795,82	0,00						20221231	CH		
AD	A Nouveaux Détaillés	0	20221231	44566000	ETAT TVA SUR AUTRES BIENS ET SERVICES			12/2022	20221231	TVA 12/2022	0,00	16384,00						20221231	CH		
AD	A Nouveaux Détaillés	0	20221231	44571010	TVA COLLECTEE 10%			12/2022	20221231	TVA COLLECTEE 10%	0,00	1591,82						20221231	CH		
AD	A Nouveaux Détaillés	0	20221231	44571010	TVA COLLECTEE 10%			12/2022	20221231	TVA 12/2022	2882,00	0,00						20221231	CH		
AD	A Nouveaux Détaillés	0	20221231	41100000	CLIENTS	CCHQ	RECETTE CHQ	12/2022	20221231	RECETTE CHQ	90,00	0,00						20221231	CH		
AD	A Nouveaux Détaillés	0	20221231	44566000	ETAT TVA SUR AUTRES BIENS ET SERVICES			12/01	20221231	EG AUDIT FA010235	1384,67	0,00						20221231	CH		
AD	A Nouveaux Détaillés	0	20221231	40100000	FOURNISSEURS	FEG	EG AUDIT	12/01	20221231	EG AUDIT FA010235	0,00	8308,00	A	20230411				20221231	CH		
AD	A Nouveaux Détaillés	0	20221231	44566000	ETAT TVA SUR AUTRES BIENS ET SERVICES			FNP	20221231	EDF	568,72	0,00						20221231	CH		
AD	A Nouveaux Détaillés	0	20221231	44566000	ETAT TVA SUR AUTRES BIENS ET SERVICES			FNP	20221231	ITALIAN FOOD	12,14	0,00						20221231	CH		
AD	A Nouveaux Détaillés	0	20221231	44566000	ETAT TVA SUR AUTRES BIENS ET SERVICES			FNP	20221231	ENGIE	198,41	0,00						20221231	CH		
AD	A Nouveaux Détaillés	0	20221231	44566000	ETAT TVA SUR AUTRES BIENS ET SERVICES			FNP	20221231	VERGER ST PAUL	6,37	0,00						20221231	CH		
AD	A Nouveaux Détaillés	0	20221231	43820000	ORG.SOC. CONGES A PAYER			2022	20221231	PROV CS/CP	0,00	15765,00						20221231	CH		
AD	A Nouveaux Détaillés	0	20221231	44566000	ETAT TVA SUR AUTRES BIENS ET SERVICES			FNP	20221231	SACEM - SPRE	155,17	0,00						20221231	CH		
AD	A Nouveaux Détaillés	0	20221231	40100000	FOURNISSEURS	FLOYER	SUMATRA	2022	20221231	SUMATRA	24,00	0,00	A	20221231				20221231	CH		
AD	A Nouveaux Détaillés	0	20230101	10130000	CAPITAL SOUSCRIT APPELE VERSE			A Nouv	20230101	CAPITAL SOUSCRIT APPELE VERSE	0,00	10000,00						20230101	CH		
AD	A Nouveaux Détaillés	0	20230101	10610000	RESERVE LEGALE			A Nouv	20230101	RESERVE LEGALE	0,00	1000,00						20230101	CH		
AD	A Nouveaux Détaillés	0	20230101	11000000	REPORT A NOUVEAU SOLDE CREDITEUR			A Nouv	20230101	REPORT A NOUVEAU SOLDE CREDITE	0,00	75553,76						20230101	CH		
AD	A Nouveaux Détaillés	0	20230101	15110000	PROV.POUR LITIGES			A Nouv	20230101	PROV.POUR LITIGES	0,00	90879,54						20230101	CH		
AD	A Nouveaux Détaillés	0	20230101	16420000	PGE 46000			A Nouv	20230101	PGE 46000	0,00	40207,45						20230101	CH		
AD	A Nouveaux Détaillés	0	20230101	20500000	CONCESS.BREVETS LICENCES			A Nouv	20230101	CONCESS.BREVETS LICENCES	1968,90	0,00						20230101	CH		
AD	A Nouveaux Détaillés	0	20230101	20700000	FONDS COMMERCIAL			A Nouv	20230101	FONDS COMMERCIAL	85000,00	0,00						20230101	CH		
AD	A Nouveaux Détaillés	0	20230101	21450000	INST.AGENC./CONSTR.S/SOL D'AUTRUI			A Nouv	20230101	INST.AGENC./CONSTR.S/SOL D'AUT	780,00	0,00						20230101	CH		
AD	A Nouveaux Détaillés	0	20230101	21540000	MATERIEL INDUSTRIEL			A Nouv	20230101	MATERIEL INDUSTRIEL	41673,17	0,00						20230101	CH		
AD	A Nouveaux Détaillés	0	20230101	21810000	INSTAL./AGENC.DIVERS			A Nouv	20230101	INSTAL./AGENC.DIVERS	17744,47	0,00						20230101	CH		
AD	A Nouveaux Détaillés	0	20230101	21830000	MAT.BUREAU &INFORMATIQUE			A Nouv	20230101	MAT.BUREAU &INFORMATIQUE	5265,00	0,00						20230101	CH		
AD	A Nouveaux Détaillés	0	20230101	21840000	MOBILIER			A Nouv	20230101	MOBILIER	8480,44	0,00						20230101	CH		
AD	A Nouveaux Détaillés	0	20230101	27430000	PRETS AU PERSONNEL			A Nouv	20230101	PRETS AU PERSONNEL	9275,78	0,00						20230101	CH		
AD	A Nouveaux Détaillés	0	20230101	27500000	DEPOTS & CAUTIONNEMENTS VERSES			A Nouv	20230101	DEPOTS & CAUTIONNEMENTS VERSES	9779,91	0,00						20230101	CH		
AD	A Nouveaux Détaillés	0	20230101	27520000	CAUTION ELIS			A Nouv	20230101	CAUTION ELIS	200,00	0,00						20230101	CH		
AD	A Nouveaux Détaillés	0	20230101	28050000	AMORT.CONC.BREVETS LICENCES			A Nouv	20230101	AMORT.CONC.BREVETS LICENCES	0,00	1968,90						20230101	CH		
AD	A Nouveaux Détaillés	0	20230101	28145000	AMORT.INST.AGENC/CONSTR. S/SOL D'AUTRUI			A Nouv	20230101	AMORT.INST.AGENC/CONSTR. S/SOL	0,00	780,00						20230101	CH		
AD	A Nouveaux Détaillés	0	20230101	28154000	AMORT MATERIEL INDUSTRIEL			A Nouv	20230101	AMORT MATERIEL INDUSTRIEL	0,00	40409,97						20230101	CH		
AD	A Nouveaux Détaillés	0	20230101	28181000	AMORT.AG.CONS.DIVERS			A Nouv	20230101	AMORT.AG.CONS.DIVERS	0,00	17039,03						20230101	CH		
AD	A Nouveaux Détaillés	0	20230101	28183000	AMORT.MAT.BUREAU &INFORMATIQUE			A Nouv	20230101	AMORT.MAT.BUREAU &INFORMATIQUE	0,00	5265,00						20230101	CH		
AD	A Nouveaux Détaillés	0	20230101	28184000	AMORT. MOBILIER			A Nouv	20230101	AMORT. MOBILIER	0,00	8480,44						20230101	CH		
AD	A Nouveaux Détaillés	0	20230101	31100000	STOCKS MAT. PREM. SOLIDES			A Nouv	20230101	STOCKS MAT. PREM. SOLIDES	215,00	0,00						20230101	CH		
AD	A Nouveaux Détaillés	0	20230101	31200000	STOCKS MAT. PREM LIQUIDES			A Nouv	20230101	STOCKS MAT. PREM LIQUIDES	450,00	0,00						20230101	CH		
AD	A Nouveaux Détaillés	0	20230101	42820000	PERS CONGES A PAYER			A Nouv	20230101	PERS CONGES A PAYER	0,00	3254,00						20230101	CH		
AD	A Nouveaux Détaillés	0	20230101	43860000	ORG.SOC. AUTRES CHARGES A PAYER			A Nouv	20230101	ORG.SOC. AUTRES CHARGES A PAYE	0,00	576,26						20230101	CH		
AD	A Nouveaux Détaillés	0	20230101	44400000	ETAT IMPOTS S/BENEFICES			A Nouv	20230101	ETAT IMPOTS S/BENEFICES	0,00	412,00						20230101	CH		
AD	A Nouveaux Détaillés	0	20230101	44521000	TVA COLLECTEE INTRACOM 10%			A Nouv	20230101	TVA COLLECTEE INTRACOM 10%	0,00	17,03						20230101	CH		
AD	A Nouveaux Détaillés	0	20230101	44566100	TVA INTRACOM DED 10%			A Nouv	20230101	TVA INTRACOM DED 10%	17,03	0,00						20230101	CH		
AD	A Nouveaux Détaillés	0	20230101	44571190	TVA COLLECTEE 20%			A Nouv	20230101	TVA COLLECTEE 20%	0,09	0,00						20230101	CH		
AD	A Nouveaux Détaillés	0	20230101	45500000	C/C TORRE GIUSEPPE			A Nouv	20230101	C/C GIUSEPPE TORRE	0,00	60508,11						20230101	CH		
AD	A Nouveaux Détaillés	0	20230101	48600000	CHARGES CONSTATEES D'AVANCE			A Nouv	20230101	CHARGES CONSTATEES D'AVANCE	1857,14	0,00						20230101	CH		
AD	A Nouveaux Détaillés	0	20230101	51210000	BANQUE BNP PARIBAS			A Nouv	20230101	BANQUE BNP PARIBAS	126403,57	0,00						20230101	CH		
AD	A Nouveaux Détaillés	0	20230101	53000000	CAISSE			A Nouv	20230101	CAISSE	75290,54	0,00						20230101	CH		
AD	A Nouveaux Détaillés	0	20230101	12000000	RESULTAT DE L'EXERCICE BENEFICE			A Nouv	20230101	Résultat en Euros 31/12/2022	0,00	1583,35						20230101	CH		
