JournalCode|JournalLib|EcritureNum|EcritureDate|CompteNum|CompteLib|CompAuxNum|CompAuxLib|PieceRef|PieceDate|EcritureLib|Debit|Credit|EcritureLet|DateLet|ValidDate|MontantDevise|Idevise|
VE  |VE11|00000001|20230109|70100000|VENTE NECTAR DE FRAISE      |        |                                 |VE  0123|20230109|VENTE NECTAR FRAISE         |0000000000,00|0000000069,60|  |        |20240331|||
VE  |VE11|00000001|20230109|44571200|TVA COLLECTEE 5,5 % DEBITS  |        |                                 |VE  0123|20230109|VENTE NECTAR FRAISE         |0000000000,00|0000000003,83|  |        |20240331|||
VE  |VE11|00000001|20230109|70800100|TAXE BOISSONS SUCREES REFACT|        |                                 |VE  0123|20230109|VENTE NECTAR FRAISE         |0000000000,00|0000000001,21|  |        |20240331|||
VE  |VE11|00000001|20230109|44571200|TVA COLLECTEE 5,5 % DEBITS  |        |                                 |VE  0123|20230109|VENTE NECTAR FRAISE         |0000000000,00|0000000000,06|  |        |20240331|||
VE  |VE11|00000001|20230109|41100000|CLIENTS A 5.5%              |41101590|E.LECLERC CARPENTR               |VE  0123|20230109|VENTE NECTAR FRAISE         |0000000074,70|0000000000,00|AA|20230209|20240331|||
VE  |VE11|00000002|20230118|70100000|VENTE NECTAR DE FRAISE      |        |                                 |VE  0123|20230118|VENTE NECTAR FRAISE         |0000000000,00|0000000069,60|  |        |20240331|||
VE  |VE11|00000002|20230118|44571200|TVA COLLECTEE 5,5 % DEBITS  |        |                                 |VE  0123|20230118|VENTE NECTAR FRAISE         |0000000000,00|0000000003,83|  |        |20240331|||
VE  |VE11|00000002|20230118|70100100|VENTE PUR JUS MUSCAT HAMBOUR|        |                                 |VE  0123|20230118|PUR JUS MUSCAT HAMBO        |0000000000,00|0000000069,60|  |        |20240331|||
VE  |VE11|00000002|20230118|44571200|TVA COLLECTEE 5,5 % DEBITS  |        |                                 |VE  0123|20230118|VENTE NECTAR FRAISE         |0000000000,00|0000000003,83|  |        |20240331|||
VE  |VE11|00000002|20230118|70100200|GASPACHO TOMATES ANCIENNES  |        |                                 |VE  0123|20230118|GASPACHO TOMATES ANC        |0000000000,00|0000000076,80|  |        |20240331|||
VE  |VE11|00000002|20230118|44571200|TVA COLLECTEE 5,5 % DEBITS  |        |                                 |VE  0123|20230118|VENTE NECTAR FRAISE         |0000000000,00|0000000004,22|  |        |20240331|||
VE  |VE11|00000002|20230118|70800100|TAXE BOISSONS SUCREES REFACT|        |                                 |VE  0123|20230118|VENTE NECTAR FRAISE         |0000000000,00|0000000001,21|  |        |20240331|||
VE  |VE11|00000002|20230118|44571200|TVA COLLECTEE 5,5 % DEBITS  |        |                                 |VE  0123|20230118|VENTE NECTAR FRAISE         |0000000000,00|0000000000,07|  |        |20240331|||
VE  |VE11|00000002|20230118|41100000|CLIENTS A 5.5%              |41104752|U EXPRESS MONTEUX                |VE  0123|20230118|NECTAR FRAISE+GASPAC        |0000000229,16|0000000000,00|AA|20230322|20240331|||
VE  |VE11|00000003|20230201|70100000|VENTE NECTAR DE FRAISE      |        |                                 |VE  0223|20230201|VENTE NECTAR FRAISE         |0000000000,00|0000000034,80|  |        |20240331|||
VE  |VE11|00000003|20230201|44571200|TVA COLLECTEE 5,5 % DEBITS  |        |                                 |VE  0223|20230201|VENTE NECTAR FRAISE         |0000000000,00|0000000001,91|  |        |20240331|||
VE  |VE11|00000003|20230201|70100100|VENTE PUR JUS MUSCAT HAMBOUR|        |                                 |VE  0223|20230201|PUR JUS MUSCAT HAMBO        |0000000000,00|0000000034,80|  |        |20240331|||
VE  |VE11|00000003|20230201|44571200|TVA COLLECTEE 5,5 % DEBITS  |        |                                 |VE  0223|20230201|VENTE NECTAR FRAISE         |0000000000,00|0000000001,91|  |        |20240331|||
VE  |VE11|00000003|20230201|70100200|GASPACHO TOMATES ANCIENNES  |        |                                 |VE  0223|20230201|GASPACHO TOMATES ANC        |0000000000,00|0000000038,40|  |        |20240331|||
VE  |VE11|00000003|20230201|44571200|TVA COLLECTEE 5,5 % DEBITS  |        |                                 |VE  0223|20230201|VENTE NECTAR FRAISE         |0000000000,00|0000000002,11|  |        |20240331|||
VE  |VE11|00000003|20230201|70800100|TAXE BOISSONS SUCREES REFACT|        |                                 |VE  0223|20230201|VENTE NECTAR FRAISE         |0000000000,00|0000000000,61|  |        |20240331|||
VE  |VE11|00000003|20230201|44571200|TVA COLLECTEE 5,5 % DEBITS  |        |                                 |VE  0223|20230201|VENTE NECTAR FRAISE         |0000000000,00|0000000000,04|  |        |20240331|||
VE  |VE11|00000003|20230201|41100000|CLIENTS A 5.5%              |41104251|SAS CHAMP DES GARR               |VE  0223|20230201|NECTAR FRAISE+GASPAC        |0000000114,58|0000000000,00|AB|20230629|20240331|||
VE  |VE11|00000004|20230202|70100000|VENTE NECTAR DE FRAISE      |        |                                 |VE  0223|20230202|NECTAR DE FRAISE            |0000000000,00|0000000069,60|  |        |20240331|||
VE  |VE11|00000004|20230202|44571200|TVA COLLECTEE 5,5 % DEBITS  |        |                                 |VE  0223|20230202|NECTAR DE FRAISE            |0000000000,00|0000000003,83|  |        |20240331|||
VE  |VE11|00000004|20230202|70100100|VENTE PUR JUS MUSCAT HAMBOUR|        |                                 |VE  0223|20230202|PUR JUS MUSCAT HAMBO        |0000000000,00|0000000069,60|  |        |20240331|||
VE  |VE11|00000004|20230202|44571200|TVA COLLECTEE 5,5 % DEBITS  |        |                                 |VE  0223|20230202|NECTAR DE FRAISE            |0000000000,00|0000000003,83|  |        |20240331|||
VE  |VE11|00000004|20230202|70800100|TAXE BOISSONS SUCREES REFACT|        |                                 |VE  0223|20230202|NECTAR DE FRAISE            |0000000000,00|0000000001,21|  |        |20240331|||
VE  |VE11|00000004|20230202|44571200|TVA COLLECTEE 5,5 % DEBITS  |        |                                 |VE  0223|20230202|NECTAR DE FRAISE            |0000000000,00|0000000000,06|  |        |20240331|||
VE  |VE11|00000004|20230202|41100000|CLIENTS A 5.5%              |41101590|E.LECLERC CARPENTR               |VE  0223|20230202|NECTAR DE FRAISE+MUS        |0000000148,13|0000000000,00|AB|20230220|20240331|||
VE  |VE11|00000005|20230306|70100000|VENTE NECTAR DE FRAISE      |        |                                 |VE  0323|20230306|NECTAR DE FRAISE            |0000000000,00|0000000104,40|  |        |20240331|||
VE  |VE11|00000005|20230306|44571200|TVA COLLECTEE 5,5 % DEBITS  |        |                                 |VE  0323|20230306|NECTAR DE FRAISE            |0000000000,00|0000000005,74|  |        |20240331|||
VE  |VE11|00000005|20230306|70800100|TAXE BOISSONS SUCREES REFACT|        |                                 |VE  0323|20230306|NECTAR DE FRAISE            |0000000000,00|0000000001,82|  |        |20240331|||
VE  |VE11|00000005|20230306|44571200|TVA COLLECTEE 5,5 % DEBITS  |        |                                 |VE  0323|20230306|NECTAR DE FRAISE            |0000000000,00|0000000000,10|  |        |20240331|||
VE  |VE11|00000005|20230306|41100000|CLIENTS A 5.5%              |41101590|E.LECLERC CARPENTR               |VE  0323|20230306|NECTAR DE FRAISE            |0000000112,06|0000000000,00|AC|20230320|20240331|||
VE  |VE11|00000006|20230306|70100000|VENTE NECTAR DE FRAISE      |        |                                 |VE  0323|20230306|NECTAR DE FRAISE            |0000000000,00|0000000174,00|  |        |20240331|||
VE  |VE11|00000006|20230306|44571200|TVA COLLECTEE 5,5 % DEBITS  |        |                                 |VE  0323|20230306|NECTAR DE FRAISE            |0000000000,00|0000000009,57|  |        |20240331|||
VE  |VE11|00000006|20230306|70100100|VENTE PUR JUS MUSCAT HAMBOUR|        |                                 |VE  0323|20230306|PUR JUS MUSCAT HAMBO        |0000000000,00|0000000121,80|  |        |20240331|||
VE  |VE11|00000006|20230306|44571200|TVA COLLECTEE 5,5 % DEBITS  |        |                                 |VE  0323|20230306|NECTAR DE FRAISE            |0000000000,00|0000000006,70|  |        |20240331|||
VE  |VE11|00000006|20230306|70100200|GASPACHO TOMATES ANCIENNES  |        |                                 |VE  0323|20230306|GASPACHO TOMATES ANC        |0000000000,00|0000000126,00|  |        |20240331|||
VE  |VE11|00000006|20230306|44571200|TVA COLLECTEE 5,5 % DEBITS  |        |                                 |VE  0323|20230306|NECTAR DE FRAISE            |0000000000,00|0000000006,93|  |        |20240331|||
VE  |VE11|00000006|20230306|70800100|TAXE BOISSONS SUCREES REFACT|        |                                 |VE  0323|20230306|NECTAR DE FRAISE            |0000000000,00|0000000003,04|  |        |20240331|||
VE  |VE11|00000006|20230306|44571200|TVA COLLECTEE 5,5 % DEBITS  |        |                                 |VE  0323|20230306|NECTAR DE FRAISE            |0000000000,00|0000000000,16|  |        |20240331|||
VE  |VE11|00000006|20230306|41100000|CLIENTS A 5.5%              |41101765|FLEUR DES SABLES                 |VE  0323|20230306|NECTAR DE FRAISE+GAS        |0000000448,20|0000000000,00|AA|20230413|20240331|||
VE  |VE11|00000007|20230306|70100000|VENTE NECTAR DE FRAISE      |        |                                 |VE  0323|20230306|NECTAR DE FRAISE            |0000000000,00|0000000313,20|  |        |20240331|||
VE  |VE11|00000007|20230306|44571200|TVA COLLECTEE 5,5 % DEBITS  |        |                                 |VE  0323|20230306|NECTAR DE FRAISE            |0000000000,00|0000000017,23|  |        |20240331|||
VE  |VE11|00000007|20230306|70800100|TAXE BOISSONS SUCREES REFACT|        |                                 |VE  0323|20230306|NECTAR DE FRAISE            |0000000000,00|0000000005,46|  |        |20240331|||
VE  |VE11|00000007|20230306|44571200|TVA COLLECTEE 5,5 % DEBITS  |        |                                 |VE  0323|20230306|NECTAR DE FRAISE            |0000000000,00|0000000000,30|  |        |20240331|||
VE  |VE11|00000007|20230306|41100000|CLIENTS A 5.5%              |41104251|SAS CHAMP DES GARR               |VE  0323|20230306|NECTAR DE FRAISE            |0000000336,19|0000000000,00|AA|20230413|20240331|||
VE  |VE11|00000008|20230306|70100000|VENTE NECTAR DE FRAISE      |        |                                 |VE  0323|20230306|NECTAR DE FRAISE            |0000000000,00|0000000052,20|  |        |20240331|||
VE  |VE11|00000008|20230306|44571200|TVA COLLECTEE 5,5 % DEBITS  |        |                                 |VE  0323|20230306|NECTAR DE FRAISE            |0000000000,00|0000000002,87|  |        |20240331|||
VE  |VE11|00000008|20230306|70100100|VENTE PUR JUS MUSCAT HAMBOUR|        |                                 |VE  0323|20230306|NECTAR DE FRAISE            |0000000000,00|0000000034,80|  |        |20240331|||
VE  |VE11|00000008|20230306|44571200|TVA COLLECTEE 5,5 % DEBITS  |        |                                 |VE  0323|20230306|NECTAR DE FRAISE            |0000000000,00|0000000001,91|  |        |20240331|||
VE  |VE11|00000008|20230306|70100200|GASPACHO TOMATES ANCIENNES  |        |                                 |VE  0323|20230306|GASPACHO TOMATES ANC        |0000000000,00|0000000042,00|  |        |20240331|||
VE  |VE11|00000008|20230306|44571200|TVA COLLECTEE 5,5 % DEBITS  |        |                                 |VE  0323|20230306|NECTAR DE FRAISE            |0000000000,00|0000000002,31|  |        |20240331|||
VE  |VE11|00000008|20230306|70800100|TAXE BOISSONS SUCREES REFACT|        |                                 |VE  0323|20230306|NECTAR DE FRAISE            |0000000000,00|0000000000,91|  |        |20240331|||
VE  |VE11|00000008|20230306|44571200|TVA COLLECTEE 5,5 % DEBITS  |        |                                 |VE  0323|20230306|NECTAR DE FRAISE            |0000000000,00|0000000000,05|  |        |20240331|||
VE  |VE11|00000008|20230306|41100000|CLIENTS A 5.5%              |41104070|RIPERT ET FILS                   |VE  0323|20230306|NECTAR DE FRAISE+GAS        |0000000137,05|0000000000,00|AA|20230414|20240331|||
VE  |VE11|00000009|20230306|70100000|VENTE NECTAR DE FRAISE      |        |                                 |VE  0323|20230306|NECTAR DE FRAISE            |0000000000,00|0000000034,80|  |        |20240331|||
VE  |VE11|00000009|20230306|44571200|TVA COLLECTEE 5,5 % DEBITS  |        |                                 |VE  0323|20230306|NECTAR DE FRAISE            |0000000000,00|0000000001,91|  |        |20240331|||
VE  |VE11|00000009|20230306|70100100|VENTE PUR JUS MUSCAT HAMBOUR|        |                                 |VE  0323|20230306|PUR JUS MUSCAT HAMBO        |0000000000,00|0000000034,80|  |        |20240331|||
VE  |VE11|00000009|20230306|44571200|TVA COLLECTEE 5,5 % DEBITS  |        |                                 |VE  0323|20230306|NECTAR DE FRAISE            |0000000000,00|0000000001,91|  |        |20240331|||
VE  |VE11|00000009|20230306|70800100|TAXE BOISSONS SUCREES REFACT|        |                                 |VE  0323|20230306|NECTAR DE FRAISE            |0000000000,00|0000000000,61|  |        |20240331|||
VE  |VE11|00000009|20230306|44571200|TVA COLLECTEE 5,5 % DEBITS  |        |                                 |VE  0323|20230306|NECTAR DE FRAISE            |0000000000,00|0000000000,03|  |        |20240331|||
VE  |VE11|00000009|20230306|41100000|CLIENTS A 5.5%              |41104752|U EXPRESS MONTEUX                |VE  0323|20230306|NECTAR DE FRAISE+MUS        |0000000074,06|0000000000,00|AD|20230313|20240331|||
VE  |VE11|00000010|20230313|70100000|VENTE NECTAR DE FRAISE      |        |                                 |VE  0323|20230313|NECTAR DE FRAISE            |0000000000,00|0000000069,60|  |        |20240331|||
VE  |VE11|00000010|20230313|44571200|TVA COLLECTEE 5,5 % DEBITS  |        |                                 |VE  0323|20230313|NECTAR DE FRAISE            |0000000000,00|0000000003,83|  |        |20240331|||
VE  |VE11|00000010|20230313|70100100|VENTE PUR JUS MUSCAT HAMBOUR|        |                                 |VE  0323|20230313|PUR JUS MUSCAT HAMBO        |0000000000,00|0000000034,80|  |        |20240331|||
VE  |VE11|00000010|20230313|44571200|TVA COLLECTEE 5,5 % DEBITS  |        |                                 |VE  0323|20230313|NECTAR DE FRAISE            |0000000000,00|0000000001,91|  |        |20240331|||
VE  |VE11|00000010|20230313|70800100|TAXE BOISSONS SUCREES REFACT|        |                                 |VE  0323|20230313|NECTAR DE FRAISE            |0000000000,00|0000000001,21|  |        |20240331|||
VE  |VE11|00000010|20230313|44571200|TVA COLLECTEE 5,5 % DEBITS  |        |                                 |VE  0323|20230313|NECTAR DE FRAISE            |0000000000,00|0000000000,07|  |        |20240331|||
VE  |VE11|00000010|20230313|41100000|CLIENTS A 5.5%              |41104752|U EXPRESS MONTEUX                |VE  0323|20230313|NECTAR DE FRAISE+MUS        |0000000111,42|0000000000,00|AB|20230322|20240331|||
VE  |VE11|00000011|20230313|70100000|VENTE NECTAR DE FRAISE      |        |                                 |VE  0323|20230313|NECTAR DE FRAISE            |0000000000,00|0000000069,60|  |        |20240331|||
VE  |VE11|00000011|20230313|44571200|TVA COLLECTEE 5,5 % DEBITS  |        |                                 |VE  0323|20230313|NECTAR DE FRAISE            |0000000000,00|0000000003,82|  |        |20240331|||
VE  |VE11|00000011|20230313|70100100|VENTE PUR JUS MUSCAT HAMBOUR|        |                                 |VE  0323|20230313|PUR JUS MUSCAT HAMBO        |0000000000,00|0000000034,80|  |        |20240331|||
VE  |VE11|00000011|20230313|44571200|TVA COLLECTEE 5,5 % DEBITS  |        |                                 |VE  0323|20230313|PUR JUS MUSCAT HAMBO        |0000000000,00|0000000001,91|  |        |20240331|||
VE  |VE11|00000011|20230313|70800100|TAXE BOISSONS SUCREES REFACT|        |                                 |VE  0323|20230313|NECTAR DE FRAISE            |0000000000,00|0000000001,21|  |        |20240331|||
VE  |VE11|00000011|20230313|44571200|TVA COLLECTEE 5,5 % DEBITS  |        |                                 |VE  0323|20230313|NECTAR DE FRAISE            |0000000000,00|0000000000,08|  |        |20240331|||
VE  |VE11|00000011|20230313|41100000|CLIENTS A 5.5%              |41104752|U EXPRESS MONTEUX                |VE  0323|20230313|NECTAR FRAISE+MUSCAT        |0000000111,42|0000000000,00|  |        |20240331|||
VE  |VE11|00000012|20230313|70100000|VENTE NECTAR DE FRAISE      |        |                                 |VE  0323|20230313|NECTAR DE FRAISE            |0000000034,80|0000000000,00|  |        |20240331|||
VE  |VE11|00000012|20230313|44571200|TVA COLLECTEE 5,5 % DEBITS  |        |                                 |VE  0323|20230313|NECTAR DE FRAISE            |0000000001,91|0000000000,00|  |        |20240331|||
VE  |VE11|00000012|20230313|70100100|VENTE PUR JUS MUSCAT HAMBOUR|        |                                 |VE  0323|20230313|PUR JUS MUSCAT HAMBO        |0000000034,80|0000000000,00|  |        |20240331|||
VE  |VE11|00000012|20230313|44571200|TVA COLLECTEE 5,5 % DEBITS  |        |                                 |VE  0323|20230313|PUR JUS MUSCAT HAMBO        |0000000001,91|0000000000,00|  |        |20240331|||
VE  |VE11|00000012|20230313|70800100|TAXE BOISSONS SUCREES REFACT|        |                                 |VE  0323|20230313|NECTAR DE FRAISE            |0000000000,61|0000000000,00|  |        |20240331|||
VE  |VE11|00000012|20230313|44571200|TVA COLLECTEE 5,5 % DEBITS  |        |                                 |VE  0323|20230313|NECTAR DE FRAISE            |0000000000,03|0000000000,00|  |        |20240331|||
VE  |VE11|00000012|20230313|41100000|CLIENTS A 5.5%              |41104752|U EXPRESS MONTEUX                |VE  0323|20230313|NECTAR FRAISE+JUS MU        |0000000000,00|0000000074,06|AD|20230313|20240331|||
VE  |VE11|00000013|20230315|70100000|VENTE NECTAR DE FRAISE      |        |                                 |VE  0323|20230315|NECTAR DE FRAISE            |0000000000,00|0000000556,80|  |        |20240331|||
VE  |VE11|00000013|20230315|44571200|TVA COLLECTEE 5,5 % DEBITS  |        |                                 |VE  0323|20230315|NECTAR DE FRAISE            |0000000000,00|0000000030,62|  |        |20240331|||
VE  |VE11|00000013|20230315|70100100|VENTE PUR JUS MUSCAT HAMBOUR|        |                                 |VE  0323|20230315|PUR JUS MUSCAT HAMBO        |0000000000,00|0000000330,60|  |        |20240331|||
VE  |VE11|00000013|20230315|44571200|TVA COLLECTEE 5,5 % DEBITS  |        |                                 |VE  0323|20230315|PUR JUS MUSCAT HAMBO        |0000000000,00|0000000018,18|  |        |20240331|||
VE  |VE11|00000013|20230315|70800100|TAXE BOISSONS SUCREES REFACT|        |                                 |VE  0323|20230315|NECTAR DE FRAISE            |0000000000,00|0000000009,72|  |        |20240331|||
VE  |VE11|00000013|20230315|44571200|TVA COLLECTEE 5,5 % DEBITS  |        |                                 |VE  0323|20230315|NECTAR DE FRAISE            |0000000000,00|0000000000,53|  |        |20240331|||
VE  |VE11|00000013|20230315|41100000|CLIENTS A 5.5%              |41102430|JARDIN DES PAPES                 |VE  0323|20230315|NECTAR DE FRAISE+MUS        |0000000946,45|0000000000,00|AA|20230602|20240331|||
VE  |VE11|00000014|20230320|70100000|VENTE NECTAR DE FRAISE      |        |                                 |VE  0323|20230320|NECTAR DE FRAISE            |0000000000,00|0000000087,00|  |        |20240331|||
VE  |VE11|00000014|20230320|44571200|TVA COLLECTEE 5,5 % DEBITS  |        |                                 |VE  0323|20230320|NECTAR DE FRAISE            |0000000000,00|0000000004,78|  |        |20240331|||
VE  |VE11|00000014|20230320|70100100|VENTE PUR JUS MUSCAT HAMBOUR|        |                                 |VE  0323|20230320|PUR JUS MUSCAT HAMBO        |0000000000,00|0000000087,00|  |        |20240331|||
VE  |VE11|00000014|20230320|44571200|TVA COLLECTEE 5,5 % DEBITS  |        |                                 |VE  0323|20230320|NECTAR DE FRAISE            |0000000000,00|0000000004,78|  |        |20240331|||
VE  |VE11|00000014|20230320|70100200|GASPACHO TOMATES ANCIENNES  |        |                                 |VE  0323|20230320|GASPACHO TOMATES ANC        |0000000000,00|0000000105,00|  |        |20240331|||
VE  |VE11|00000014|20230320|44571200|TVA COLLECTEE 5,5 % DEBITS  |        |                                 |VE  0323|20230320|NECTAR DE FRAISE            |0000000000,00|0000000005,78|  |        |20240331|||
VE  |VE11|00000014|20230320|70800100|TAXE BOISSONS SUCREES REFACT|        |                                 |VE  0323|20230320|NECTAR DE FRAISE            |0000000000,00|0000000001,52|  |        |20240331|||
VE  |VE11|00000014|20230320|44571200|TVA COLLECTEE 5,5 % DEBITS  |        |                                 |VE  0323|20230320|NECTAR DE FRAISE            |0000000000,00|0000000000,08|  |        |20240331|||
VE  |VE11|00000014|20230320|41100000|CLIENTS A 5.5%              |41102985|LOU MISTRAOU                     |VE  0323|20230320|NECTAR DE FRAISE+GAS        |0000000295,94|0000000000,00|AA|20230622|20240331|||
VE  |VE11|00000015|20230320|70100000|VENTE NECTAR DE FRAISE      |        |                                 |VE  0323|20230320|NECTAR DE FRAISE            |0000000000,00|0000000174,00|  |        |20240331|||
VE  |VE11|00000015|20230320|44571200|TVA COLLECTEE 5,5 % DEBITS  |        |                                 |VE  0323|20230320|NECTAR DE FRAISE            |0000000000,00|0000000009,57|  |        |20240331|||
VE  |VE11|00000015|20230320|70100100|VENTE PUR JUS MUSCAT HAMBOUR|        |                                 |VE  0323|20230320|PUR JUS MUSCAT HAMBO        |0000000000,00|0000000174,00|  |        |20240331|||
VE  |VE11|00000015|20230320|44571200|TVA COLLECTEE 5,5 % DEBITS  |        |                                 |VE  0323|20230320|NECTAR DE FRAISE            |0000000000,00|0000000009,57|  |        |20240331|||
VE  |VE11|00000015|20230320|70100200|GASPACHO TOMATES ANCIENNES  |        |                                 |VE  0323|20230320|GASPACHO TOMATES ANC        |0000000000,00|0000000126,00|  |        |20240331|||
VE  |VE11|00000015|20230320|44571200|TVA COLLECTEE 5,5 % DEBITS  |        |                                 |VE  0323|20230320|NECTAR DE FRAISE            |0000000000,00|0000000006,92|  |        |20240331|||
VE  |VE11|00000015|20230320|70800100|TAXE BOISSONS SUCREES REFACT|        |                                 |VE  0323|20230320|NECTAR DE FRAISE            |0000000000,00|0000000003,04|  |        |20240331|||
VE  |VE11|00000015|20230320|44571200|TVA COLLECTEE 5,5 % DEBITS  |        |                                 |VE  0323|20230320|NECTAR DE FRAISE            |0000000000,00|0000000000,17|  |        |20240331|||
VE  |VE11|00000015|20230320|41100000|CLIENTS A 5.5%              |41100736|CAVE TERRA VENTOUX               |VE  0323|20230320|NECTAR DE FRAISE+GAS        |0000000503,27|0000000000,00|AA|20230502|20240331|||
VE  |VE11|00000016|20230322|70100000|VENTE NECTAR DE FRAISE      |        |                                 |VE  0323|20230322|NECTAR DE FRAISE            |0000000000,00|0000000104,40|  |        |20240331|||
VE  |VE11|00000016|20230322|44571200|TVA COLLECTEE 5,5 % DEBITS  |        |                                 |VE  0323|20230322|NECTAR DE FRAISE            |0000000000,00|0000000005,74|  |        |20240331|||
VE  |VE11|00000016|20230322|70100100|VENTE PUR JUS MUSCAT HAMBOUR|        |                                 |VE  0323|20230322|PUR JUS MUSCAT HAMBO        |0000000000,00|0000000052,20|  |        |20240331|||
VE  |VE11|00000016|20230322|44571200|TVA COLLECTEE 5,5 % DEBITS  |        |                                 |VE  0323|20230322|NECTAR DE FRAISE            |0000000000,00|0000000002,87|  |        |20240331|||
VE  |VE11|00000016|20230322|70100200|GASPACHO TOMATES ANCIENNES  |        |                                 |VE  0323|20230322|GASPACHO TOMATES ANC        |0000000000,00|0000000063,00|  |        |20240331|||
VE  |VE11|00000016|20230322|44571200|TVA COLLECTEE 5,5 % DEBITS  |        |                                 |VE  0323|20230322|NECTAR DE FRAISE            |0000000000,00|0000000003,46|  |        |20240331|||
VE  |VE11|00000016|20230322|70800100|TAXE BOISSONS SUCREES REFACT|        |                                 |VE  0323|20230322|NECTAR DE FRAISE            |0000000000,00|0000000001,82|  |        |20240331|||
VE  |VE11|00000016|20230322|44571200|TVA COLLECTEE 5,5 % DEBITS  |        |                                 |VE  0323|20230322|NECTAR DE FRAISE            |0000000000,00|0000000000,10|  |        |20240331|||
VE  |VE11|00000016|20230322|41100000|CLIENTS A 5.5%              |41104070|RIPERT ET FILS                   |VE  0323|20230322|NECTAR DE FRAISE+RAI        |0000000233,59|0000000000,00|AB|20230414|20240331|||
VE  |VE11|00000017|20230322|70100000|VENTE NECTAR DE FRAISE      |        |                                 |VE  0323|20230322|NECTAR DE FRAISE            |0000000000,00|0000000087,00|  |        |20240331|||
VE  |VE11|00000017|20230322|44571200|TVA COLLECTEE 5,5 % DEBITS  |        |                                 |VE  0323|20230322|NECTAR DE FRAISE            |0000000000,00|0000000004,79|  |        |20240331|||
VE  |VE11|00000017|20230322|70100100|VENTE PUR JUS MUSCAT HAMBOUR|        |                                 |VE  0323|20230322|PUR JUS MUSCAT HAMBO        |0000000000,00|0000000087,00|  |        |20240331|||
VE  |VE11|00000017|20230322|44571200|TVA COLLECTEE 5,5 % DEBITS  |        |                                 |VE  0323|20230322|PUR JUS MUSCAT HAMBO        |0000000000,00|0000000004,79|  |        |20240331|||
VE  |VE11|00000017|20230322|70800100|TAXE BOISSONS SUCREES REFACT|        |                                 |VE  0323|20230322|NECTAR DE FRAISE            |0000000000,00|0000000001,52|  |        |20240331|||
VE  |VE11|00000017|20230322|44571200|TVA COLLECTEE 5,5 % DEBITS  |        |                                 |VE  0323|20230322|NECTAR DE FRAISE            |0000000000,00|0000000000,07|  |        |20240331|||
VE  |VE11|00000017|20230322|41100000|CLIENTS A 5.5%              |41104754|U EXPRESS ALTHEN L               |VE  0323|20230322|NECTAR DE FRAISE+PUR        |0000000185,17|0000000000,00|AA|20230510|20240331|||
VE  |VE11|00000018|20230322|70100000|VENTE NECTAR DE FRAISE      |        |                                 |VE  0323|20230322|NECTAR DE FRAISE            |0000000000,00|0000000104,40|  |        |20240331|||
VE  |VE11|00000018|20230322|44571200|TVA COLLECTEE 5,5 % DEBITS  |        |                                 |VE  0323|20230322|NECTAR DE FRAISE            |0000000000,00|0000000005,74|  |        |20240331|||
VE  |VE11|00000018|20230322|70100100|VENTE PUR JUS MUSCAT HAMBOUR|        |                                 |VE  0323|20230322|PUR JUS MUSCAT HAMBO        |0000000000,00|0000000069,60|  |        |20240331|||
VE  |VE11|00000018|20230322|44571200|TVA COLLECTEE 5,5 % DEBITS  |        |                                 |VE  0323|20230322|NECTAR DE FRAISE            |0000000000,00|0000000003,82|  |        |20240331|||
VE  |VE11|00000018|20230322|70100200|GASPACHO TOMATES ANCIENNES  |        |                                 |VE  0323|20230322|GASPACHO TOMATES ANC        |0000000000,00|0000000105,00|  |        |20240331|||
VE  |VE11|00000018|20230322|44571200|TVA COLLECTEE 5,5 % DEBITS  |        |                                 |VE  0323|20230322|NECTAR DE FRAISE            |0000000000,00|0000000005,78|  |        |20240331|||
VE  |VE11|00000018|20230322|70800100|TAXE BOISSONS SUCREES REFACT|        |                                 |VE  0323|20230322|NECTAR DE FRAISE            |0000000000,00|0000000001,82|  |        |20240331|||
VE  |VE11|00000018|20230322|44571200|TVA COLLECTEE 5,5 % DEBITS  |        |                                 |VE  0323|20230322|NECTAR DE FRAISE            |0000000000,00|0000000000,10|  |        |20240331|||
VE  |VE11|00000018|20230322|41100000|CLIENTS A 5.5%              |41102786|LECLERC VALREAS                  |VE  0323|20230322|NECTAR DE FRAISE+GAS        |0000000296,26|0000000000,00|AA|20230526|20240331|||
VE  |VE11|00000019|20230322|70100000|VENTE NECTAR DE FRAISE      |        |                                 |VE  0323|20230322|NECTAR DE FRAISE            |0000000000,00|0000002305,80|  |        |20240331|||
VE  |VE11|00000019|20230322|44571200|TVA COLLECTEE 5,5 % DEBITS  |        |                                 |VE  0323|20230322|NECTAR DE FRAISE            |0000000000,00|0000000126,82|  |        |20240331|||
VE  |VE11|00000019|20230322|70800100|TAXE BOISSONS SUCREES REFACT|        |                                 |VE  0323|20230322|NECTAR DE FRAISE            |0000000000,00|0000000038,25|  |        |20240331|||
VE  |VE11|00000019|20230322|44571200|TVA COLLECTEE 5,5 % DEBITS  |        |                                 |VE  0323|20230322|NECTAR DE FRAISE            |0000000000,00|0000000002,10|  |        |20240331|||
VE  |VE11|00000019|20230322|41100000|CLIENTS A 5.5%              |41102430|JARDIN DES PAPES                 |VE  0323|20230322|NECTAR DE FRAISE            |0000002472,97|0000000000,00|AA|20230602|20240331|||
VE  |VE11|00000020|20230322|70100000|VENTE NECTAR DE FRAISE      |        |                                 |VE  0323|20230322|NECTAR DE FRAISE            |0000000000,00|0000001190,70|  |        |20240331|||
VE  |VE11|00000020|20230322|44571200|TVA COLLECTEE 5,5 % DEBITS  |        |                                 |VE  0323|20230322|NECTAR DE FRAISE            |0000000000,00|0000000065,48|  |        |20240331|||
VE  |VE11|00000020|20230322|70800100|TAXE BOISSONS SUCREES REFACT|        |                                 |VE  0323|20230322|NECTAR DE FRAISE            |0000000000,00|0000000019,13|  |        |20240331|||
VE  |VE11|00000020|20230322|44571200|TVA COLLECTEE 5,5 % DEBITS  |        |                                 |VE  0323|20230322|NECTAR DE FRAISE            |0000000000,00|0000000001,05|  |        |20240331|||
VE  |VE11|00000020|20230322|41100000|CLIENTS A 5.5%              |41102430|JARDIN DES PAPES                 |VE  0323|20230322|NECTAR DE FRAISE            |0000001276,36|0000000000,00|AA|20230602|20240331|||
VE  |VE11|00000021|20230322|70100000|VENTE NECTAR DE FRAISE      |        |                                 |VE  0323|20230322|NECTAR DE FRAISE            |0000000000,00|0000000174,00|  |        |20240331|||
VE  |VE11|00000021|20230322|44571200|TVA COLLECTEE 5,5 % DEBITS  |        |                                 |VE  0323|20230322|NECTAR DE FRAISE            |0000000000,00|0000000009,57|  |        |20240331|||
VE  |VE11|00000021|20230322|70800100|TAXE BOISSONS SUCREES REFACT|        |                                 |VE  0323|20230322|NECTAR DE FRAISE            |0000000000,00|0000000003,04|  |        |20240331|||
VE  |VE11|00000021|20230322|44571200|TVA COLLECTEE 5,5 % DEBITS  |        |                                 |VE  0323|20230322|NECTAR DE FRAISE            |0000000000,00|0000000000,16|  |        |20240331|||
VE  |VE11|00000021|20230322|41100000|CLIENTS A 5.5%              |41104749|U EXPRESS ELLIDIS                |VE  0323|20230322|NECTAR DE FRAISE            |0000000186,77|0000000000,00|  |        |20240331|||
VE  |VE11|00000022|20230322|70100000|VENTE NECTAR DE FRAISE      |        |                                 |VE  0323|20230322|NECTAR DE FRAISE            |0000000000,00|0000000087,00|  |        |20240331|||
VE  |VE11|00000022|20230322|44571200|TVA COLLECTEE 5,5 % DEBITS  |        |                                 |VE  0323|20230322|NECTAR DE FRAISE            |0000000000,00|0000000004,79|  |        |20240331|||
VE  |VE11|00000022|20230322|70800100|TAXE BOISSONS SUCREES REFACT|        |                                 |VE  0323|20230322|NECTAR DE FRAISE            |0000000000,00|0000000001,52|  |        |20240331|||
VE  |VE11|00000022|20230322|44571200|TVA COLLECTEE 5,5 % DEBITS  |        |                                 |VE  0323|20230322|NECTAR DE FRAISE            |0000000000,00|0000000000,07|  |        |20240331|||
VE  |VE11|00000022|20230322|41100000|CLIENTS A 5.5%              |41102419|ITM SARRIANS                     |VE  0323|20230322|NECTAR DE FRAISE            |0000000093,38|0000000000,00|AA|20230510|20240331|||
VE  |VE11|00000023|20230322|70100000|VENTE NECTAR DE FRAISE      |        |                                 |VE  0323|20230322|NECTAR DE FRAISE            |0000000000,00|0000000174,00|  |        |20240331|||
VE  |VE11|00000023|20230322|44571200|TVA COLLECTEE 5,5 % DEBITS  |        |                                 |VE  0323|20230322|NECTAR DE FRAISE            |0000000000,00|0000000009,57|  |        |20240331|||
VE  |VE11|00000023|20230322|70800100|TAXE BOISSONS SUCREES REFACT|        |                                 |VE  0323|20230322|NECTAR DE FRAISE            |0000000000,00|0000000003,04|  |        |20240331|||
VE  |VE11|00000023|20230322|44571200|TVA COLLECTEE 5,5 % DEBITS  |        |                                 |VE  0323|20230322|NECTAR DE FRAISE            |0000000000,00|0000000000,16|  |        |20240331|||
VE  |VE11|00000023|20230322|41100000|CLIENTS A 5.5%              |41101765|FLEUR DES SABLES                 |VE  0323|20230322|NECTAR DE FRAISE            |0000000186,77|0000000000,00|AB|20230413|20240331|||
VE  |VE11|00000024|20230323|70100000|VENTE NECTAR DE FRAISE      |        |                                 |VE  0323|20230323|NECTAR DE FRAISE            |0000000000,00|0000000226,20|  |        |20240331|||
VE  |VE11|00000024|20230323|44571200|TVA COLLECTEE 5,5 % DEBITS  |        |                                 |VE  0323|20230323|NECTAR DE FRAISE            |0000000000,00|0000000012,44|  |        |20240331|||
VE  |VE11|00000024|20230323|70100100|VENTE PUR JUS MUSCAT HAMBOUR|        |                                 |VE  0323|20230323|PUR JUS MUSCAT HAMBO        |0000000000,00|0000000069,60|  |        |20240331|||
VE  |VE11|00000024|20230323|44571200|TVA COLLECTEE 5,5 % DEBITS  |        |                                 |VE  0323|20230323|NECTAR DE FRAISE            |0000000000,00|0000000003,82|  |        |20240331|||
VE  |VE11|00000024|20230323|70800100|TAXE BOISSONS SUCREES REFACT|        |                                 |VE  0323|20230323|NECTAR DE FRAISE            |0000000000,00|0000000003,95|  |        |20240331|||
VE  |VE11|00000024|20230323|44571200|TVA COLLECTEE 5,5 % DEBITS  |        |                                 |VE  0323|20230323|NECTAR DE FRAISE            |0000000000,00|0000000000,22|  |        |20240331|||
VE  |VE11|00000024|20230323|41100000|CLIENTS A 5.5%              |41102430|JARDIN DES PAPES                 |VE  0323|20230323|NECTAR DE FRAISE+MUS        |0000000316,23|0000000000,00|AA|20230602|20240331|||
VE  |VE11|00000025|20230323|70100000|VENTE NECTAR DE FRAISE      |        |                                 |VE  0323|20230323|NECTAR DE FRAISE            |0000000000,00|0000000678,60|  |        |20240331|||
VE  |VE11|00000025|20230323|44571200|TVA COLLECTEE 5,5 % DEBITS  |        |                                 |VE  0323|20230323|NECTAR DE FRAISE            |0000000000,00|0000000037,32|  |        |20240331|||
VE  |VE11|00000025|20230323|70800100|TAXE BOISSONS SUCREES REFACT|        |                                 |VE  0323|20230323|NECTAR DE FRAISE            |0000000000,00|0000000011,84|  |        |20240331|||
VE  |VE11|00000025|20230323|44571200|TVA COLLECTEE 5,5 % DEBITS  |        |                                 |VE  0323|20230323|NECTAR DE FRAISE            |0000000000,00|0000000000,65|  |        |20240331|||
VE  |VE11|00000025|20230323|41100000|CLIENTS A 5.5%              |41104251|SAS CHAMP DES GARR               |VE  0323|20230323|NECTAR DE FRAISE            |0000000728,41|0000000000,00|AF|20230629|20240331|||
VE  |VE11|00000026|20230323|70100000|VENTE NECTAR DE FRAISE      |        |                                 |VE  0323|20230323|NECTAR DE FRAISE            |0000000000,00|0000000087,00|  |        |20240331|||
VE  |VE11|00000026|20230323|44571200|TVA COLLECTEE 5,5 % DEBITS  |        |                                 |VE  0323|20230323|NECTAR DE FRAISE            |0000000000,00|0000000004,79|  |        |20240331|||
VE  |VE11|00000026|20230323|70100100|VENTE PUR JUS MUSCAT HAMBOUR|        |                                 |VE  0323|20230323|PUR JUS MUSCAT HAMBO        |0000000000,00|0000000087,00|  |        |20240331|||
VE  |VE11|00000026|20230323|44571200|TVA COLLECTEE 5,5 % DEBITS  |        |                                 |VE  0323|20230323|NECTAR DE FRAISE            |0000000000,00|0000000004,79|  |        |20240331|||
VE  |VE11|00000026|20230323|70100200|GASPACHO TOMATES ANCIENNES  |        |                                 |VE  0323|20230323|GASPACHO TOMATES ANC        |0000000000,00|0000000105,00|  |        |20240331|||
VE  |VE11|00000026|20230323|44571200|TVA COLLECTEE 5,5 % DEBITS  |        |                                 |VE  0323|20230323|NECTAR DE FRAISE            |0000000000,00|0000000005,77|  |        |20240331|||
VE  |VE11|00000026|20230323|70800100|TAXE BOISSONS SUCREES REFACT|        |                                 |VE  0323|20230323|NECTAR DE FRAISE            |0000000000,00|0000000001,52|  |        |20240331|||
VE  |VE11|00000026|20230323|44571200|TVA COLLECTEE 5,5 % DEBITS  |        |                                 |VE  0323|20230323|NECTAR DE FRAISE            |0000000000,00|0000000000,07|  |        |20240331|||
VE  |VE11|00000026|20230323|41100000|CLIENTS A 5.5%              |41102985|LOU MISTRAOU                     |VE  0323|20230323|NECTAR DE FRAISE+GAS        |0000000295,94|0000000000,00|AA|20230622|20240331|||
VE  |VE11|00000027|20230329|70100000|VENTE NECTAR DE FRAISE      |        |                                 |VE  0323|20230329|NECTAR DE FRAISE            |0000000000,00|0000000261,00|  |        |20240331|||
VE  |VE11|00000027|20230329|44571200|TVA COLLECTEE 5,5 % DEBITS  |        |                                 |VE  0323|20230329|NECTAR DE FRAISE            |0000000000,00|0000000014,35|  |        |20240331|||
VE  |VE11|00000027|20230329|70100100|VENTE PUR JUS MUSCAT HAMBOUR|        |                                 |VE  0323|20230329|PUR JUS MUSCAT HAMBO        |0000000000,00|0000000087,00|  |        |20240331|||
VE  |VE11|00000027|20230329|44571200|TVA COLLECTEE 5,5 % DEBITS  |        |                                 |VE  0323|20230329|NECTAR DE FRAISE            |0000000000,00|0000000004,79|  |        |20240331|||
VE  |VE11|00000027|20230329|70800100|TAXE BOISSONS SUCREES REFACT|        |                                 |VE  0323|20230329|NECTAR DE FRAISE            |0000000000,00|0000000004,55|  |        |20240331|||
VE  |VE11|00000027|20230329|44571200|TVA COLLECTEE 5,5 % DEBITS  |        |                                 |VE  0323|20230329|NECTAR DE FRAISE            |0000000000,00|0000000000,25|  |        |20240331|||
VE  |VE11|00000027|20230329|41100000|CLIENTS A 5.5%              |41104250|SARL LES JARDINS D               |VE  0323|20230329|NECTAR DE FRAISE+ MU        |0000000371,94|0000000000,00|  |        |20240331|||
VE  |VE11|00000028|20230329|70100000|VENTE NECTAR DE FRAISE      |        |                                 |VE  0323|20230329|NECTAR DE FRAISE            |0000000000,00|0000000261,00|  |        |20240331|||
VE  |VE11|00000028|20230329|44571200|TVA COLLECTEE 5,5 % DEBITS  |        |                                 |VE  0323|20230329|NECTAR DE FRAISE            |0000000000,00|0000000014,35|  |        |20240331|||
VE  |VE11|00000028|20230329|70100200|GASPACHO TOMATES ANCIENNES  |        |                                 |VE  0323|20230329|GASPACHO TOMATES ANC        |0000000000,00|0000000084,00|  |        |20240331|||
VE  |VE11|00000028|20230329|44571200|TVA COLLECTEE 5,5 % DEBITS  |        |                                 |VE  0323|20230329|NECTAR DE FRAISE            |0000000000,00|0000000004,62|  |        |20240331|||
VE  |VE11|00000028|20230329|70800100|TAXE BOISSONS SUCREES REFACT|        |                                 |VE  0323|20230329|NECTAR DE FRAISE            |0000000000,00|0000000004,55|  |        |20240331|||
VE  |VE11|00000028|20230329|44571200|TVA COLLECTEE 5,5 % DEBITS  |        |                                 |VE  0323|20230329|NECTAR DE FRAISE            |0000000000,00|0000000000,25|  |        |20240331|||
VE  |VE11|00000028|20230329|41100000|CLIENTS A 5.5%              |41101589|E LECLERC ARLES                  |VE  0323|20230329|NECTAR DE FRAISE+GAS        |0000000368,77|0000000000,00|AA|20230428|20240331|||
VE  |VE11|00000029|20230329|70100000|VENTE NECTAR DE FRAISE      |        |                                 |VE  0323|20230329|NECTAR DE FRAISE            |0000000000,00|0000000522,00|  |        |20240331|||
VE  |VE11|00000029|20230329|44571200|TVA COLLECTEE 5,5 % DEBITS  |        |                                 |VE  0323|20230329|NECTAR DE FRAISE            |0000000000,00|0000000028,70|  |        |20240331|||
VE  |VE11|00000029|20230329|70800100|TAXE BOISSONS SUCREES REFACT|        |                                 |VE  0323|20230329|NECTAR DE FRAISE            |0000000000,00|0000000009,11|  |        |20240331|||
VE  |VE11|00000029|20230329|44571200|TVA COLLECTEE 5,5 % DEBITS  |        |                                 |VE  0323|20230329|NECTAR DE FRAISE            |0000000000,00|0000000000,50|  |        |20240331|||
VE  |VE11|00000029|20230329|41100000|CLIENTS A 5.5%              |41101591|E.LECLERC APT                    |VE  0323|20230329|NECTAR DE FRAISE            |0000000560,31|0000000000,00|AA|20230503|20240331|||
VE  |VE11|00000030|20230329|70100000|VENTE NECTAR DE FRAISE      |        |                                 |VE  0323|20230329|NECTAR DE FRAISE            |0000000000,00|0000000069,60|  |        |20240331|||
VE  |VE11|00000030|20230329|44571200|TVA COLLECTEE 5,5 % DEBITS  |        |                                 |VE  0323|20230329|NECTAR DE FRAISE            |0000000000,00|0000000003,82|  |        |20240331|||
VE  |VE11|00000030|20230329|70800100|TAXE BOISSONS SUCREES REFACT|        |                                 |VE  0323|20230329|NECTAR DE FRAISE            |0000000000,00|0000000001,21|  |        |20240331|||
VE  |VE11|00000030|20230329|44571200|TVA COLLECTEE 5,5 % DEBITS  |        |                                 |VE  0323|20230329|NECTAR DE FRAISE            |0000000000,00|0000000000,07|  |        |20240331|||
VE  |VE11|00000030|20230329|41100000|CLIENTS A 5.5%              |41103596|PANIER SAUVAGE                   |VE  0323|20230329|NECTAR DE FRAISE            |0000000074,70|0000000000,00|  |        |20240331|||
VE  |VE11|00000031|20230331|70100000|VENTE NECTAR DE FRAISE      |        |                                 |VE  0323|20230331|NECTAR DE FRAISE            |0000000000,00|0000000034,80|  |        |20240331|||
VE  |VE11|00000031|20230331|44571200|TVA COLLECTEE 5,5 % DEBITS  |        |                                 |VE  0323|20230331|NECTAR DE FRAISE            |0000000000,00|0000000001,91|  |        |20240331|||
VE  |VE11|00000031|20230331|70800100|TAXE BOISSONS SUCREES REFACT|        |                                 |VE  0323|20230331|NECTAR DE FRAISE            |0000000000,00|0000000000,61|  |        |20240331|||
VE  |VE11|00000031|20230331|44571200|TVA COLLECTEE 5,5 % DEBITS  |        |                                 |VE  0323|20230331|NECTAR DE FRAISE            |0000000000,00|0000000000,03|  |        |20240331|||
VE  |VE11|00000031|20230331|41100000|CLIENTS A 5.5%              |41104750|U UTILE SAINT PIER               |VE  0323|20230331|NECTAR DE FRAISE            |0000000037,35|0000000000,00|AA|20230413|20240331|||
VE  |VE11|00000032|20230331|70100000|VENTE NECTAR DE FRAISE      |        |                                 |VE  0323|20230331|NECTAR DE FRAISE            |0000000000,00|0000000365,40|  |        |20240331|||
VE  |VE11|00000032|20230331|44571200|TVA COLLECTEE 5,5 % DEBITS  |        |                                 |VE  0323|20230331|NECTAR DE FRAISE            |0000000000,00|0000000020,09|  |        |20240331|||
VE  |VE11|00000032|20230331|70100100|VENTE PUR JUS MUSCAT HAMBOUR|        |                                 |VE  0323|20230331|PUR JUS MUSCAT HAMBO        |0000000000,00|0000000017,40|  |        |20240331|||
VE  |VE11|00000032|20230331|44571200|TVA COLLECTEE 5,5 % DEBITS  |        |                                 |VE  0323|20230331|NECTAR DE FRAISE            |0000000000,00|0000000000,96|  |        |20240331|||
VE  |VE11|00000032|20230331|70800100|TAXE BOISSONS SUCREES REFACT|        |                                 |VE  0323|20230331|NECTAR DE FRAISE            |0000000000,00|0000000006,38|  |        |20240331|||
VE  |VE11|00000032|20230331|44571200|TVA COLLECTEE 5,5 % DEBITS  |        |                                 |VE  0323|20230331|NECTAR DE FRAISE            |0000000000,00|0000000000,35|  |        |20240331|||
VE  |VE11|00000032|20230331|41100000|CLIENTS A 5.5%              |41102430|JARDIN DES PAPES                 |VE  0323|20230331|NECTAR DE FRAISE+MUS        |0000000410,58|0000000000,00|AA|20230602|20240331|||
VE  |VE11|00000033|20230403|70100000|VENTE NECTAR DE FRAISE      |        |                                 |VE  0423|20230403|NECTAR DE FRAISE            |0000000000,00|0000000121,80|  |        |20240331|||
VE  |VE11|00000033|20230403|44571200|TVA COLLECTEE 5,5 % DEBITS  |        |                                 |VE  0423|20230403|NECTAR DE FRAISE            |0000000000,00|0000000006,69|  |        |20240331|||
VE  |VE11|00000033|20230403|70800100|TAXE BOISSONS SUCREES REFACT|        |                                 |VE  0423|20230403|NECTAR DE FRAISE            |0000000000,00|0000000002,13|  |        |20240331|||
VE  |VE11|00000033|20230403|44571200|TVA COLLECTEE 5,5 % DEBITS  |        |                                 |VE  0423|20230403|NECTAR DE FRAISE            |0000000000,00|0000000000,12|  |        |20240331|||
VE  |VE11|00000033|20230403|41100000|CLIENTS A 5.5%              |41102985|LOU MISTRAOU                     |VE  0423|20230403|NECTAR DE FRAISE            |0000000130,74|0000000000,00|AA|20230622|20240331|||
VE  |VE11|00000034|20230406|70100000|VENTE NECTAR DE FRAISE      |        |                                 |VE  0423|20230406|NECTAR DE FRAISE            |0000000000,00|0000000191,40|  |        |20240331|||
VE  |VE11|00000034|20230406|44571200|TVA COLLECTEE 5,5 % DEBITS  |        |                                 |VE  0423|20230406|NECTAR DE FRAISE            |0000000000,00|0000000010,52|  |        |20240331|||
VE  |VE11|00000034|20230406|70100100|VENTE PUR JUS MUSCAT HAMBOUR|        |                                 |VE  0423|20230406|PUR JUS MUSCAT HAMBO        |0000000000,00|0000000052,20|  |        |20240331|||
VE  |VE11|00000034|20230406|44571200|TVA COLLECTEE 5,5 % DEBITS  |        |                                 |VE  0423|20230406|NECTAR DE FRAISE            |0000000000,00|0000000002,87|  |        |20240331|||
VE  |VE11|00000034|20230406|70800100|TAXE BOISSONS SUCREES REFACT|        |                                 |VE  0423|20230406|NECTAR DE FRAISE            |0000000000,00|0000000003,40|  |        |20240331|||
VE  |VE11|00000034|20230406|44571200|TVA COLLECTEE 5,5 % DEBITS  |        |                                 |VE  0423|20230406|NECTAR DE FRAISE            |0000000000,00|0000000000,19|  |        |20240331|||
VE  |VE11|00000034|20230406|41100000|CLIENTS A 5.5%              |41102430|JARDIN DES PAPES                 |VE  0423|20230406|NECTAR DE FRAISE+MUS        |0000000260,58|0000000000,00|AA|20230602|20240331|||
VE  |VE11|00000035|20230406|70100000|VENTE NECTAR DE FRAISE      |        |                                 |VE  0423|20230406|NECTAR DE FRAISE            |0000000000,00|0000000174,00|  |        |20240331|||
VE  |VE11|00000035|20230406|44571200|TVA COLLECTEE 5,5 % DEBITS  |        |                                 |VE  0423|20230406|NECTAR DE FRAISE            |0000000000,00|0000000009,57|  |        |20240331|||
VE  |VE11|00000035|20230406|70100200|GASPACHO TOMATES ANCIENNES  |        |                                 |VE  0423|20230406|GASPACHO TOMATES ANC        |0000000000,00|0000000168,00|  |        |20240331|||
VE  |VE11|00000035|20230406|44571200|TVA COLLECTEE 5,5 % DEBITS  |        |                                 |VE  0423|20230406|NECTAR DE FRAISE            |0000000000,00|0000000009,24|  |        |20240331|||
VE  |VE11|00000035|20230406|70800100|TAXE BOISSONS SUCREES REFACT|        |                                 |VE  0423|20230406|NECTAR DE FRAISE            |0000000000,00|0000000003,09|  |        |20240331|||
VE  |VE11|00000035|20230406|44571200|TVA COLLECTEE 5,5 % DEBITS  |        |                                 |VE  0423|20230406|NECTAR DE FRAISE            |0000000000,00|0000000000,16|  |        |20240331|||
VE  |VE11|00000035|20230406|41100000|CLIENTS A 5.5%              |41101765|FLEUR DES SABLES                 |VE  0423|20230406|NECTAR DE FRAISE+GAS        |0000000364,06|0000000000,00|AC|20230608|20240331|||
VE  |VE11|00000036|20230406|70100000|VENTE NECTAR DE FRAISE      |        |                                 |VE  0423|20230406|NECTAR DE FRAISE            |0000000000,00|0000000034,80|  |        |20240331|||
VE  |VE11|00000036|20230406|44571200|TVA COLLECTEE 5,5 % DEBITS  |        |                                 |VE  0423|20230406|NECTAR DE FRAISE            |0000000000,00|0000000001,91|  |        |20240331|||
VE  |VE11|00000036|20230406|70100200|GASPACHO TOMATES ANCIENNES  |        |                                 |VE  0423|20230406|GASPACHO TOMATES ANC        |0000000000,00|0000000042,00|  |        |20240331|||
VE  |VE11|00000036|20230406|44571200|TVA COLLECTEE 5,5 % DEBITS  |        |                                 |VE  0423|20230406|NECTAR DE FRAISE            |0000000000,00|0000000002,31|  |        |20240331|||
VE  |VE11|00000036|20230406|41100000|CLIENTS A 5.5%              |41104070|RIPERT ET FILS                   |VE  0423|20230406|NECTAR DE FRAISE+GAS        |0000000081,02|0000000000,00|AC|20230608|20240331|||
VE  |VE11|00000037|20230411|70100000|VENTE NECTAR DE FRAISE      |        |                                 |VE  0423|20230411|NECTAR DE FRAISE            |0000000000,00|0000000261,00|  |        |20240331|||
VE  |VE11|00000037|20230411|44571200|TVA COLLECTEE 5,5 % DEBITS  |        |                                 |VE  0423|20230411|NECTAR DE FRAISE            |0000000000,00|0000000014,36|  |        |20240331|||
VE  |VE11|00000037|20230411|70800100|TAXE BOISSONS SUCREES REFACT|        |                                 |VE  0423|20230411|NECTAR DE FRAISE            |0000000000,00|0000000004,63|  |        |20240331|||
VE  |VE11|00000037|20230411|44571200|TVA COLLECTEE 5,5 % DEBITS  |        |                                 |VE  0423|20230411|NECTAR DE FRAISE            |0000000000,00|0000000000,25|  |        |20240331|||
VE  |VE11|00000037|20230411|41100000|CLIENTS A 5.5%              |41104752|U EXPRESS MONTEUX                |VE  0423|20230411|NECTAR DE FRAISE            |0000000280,24|0000000000,00|AC|20230510|20240331|||
VE  |VE11|00000038|20230411|70100000|VENTE NECTAR DE FRAISE      |        |                                 |VE  0423|20230411|NECTAR DE FRAISE            |0000000000,00|0000000313,20|  |        |20240331|||
VE  |VE11|00000038|20230411|44571200|TVA COLLECTEE 5,5 % DEBITS  |        |                                 |VE  0423|20230411|NECTAR DE FRAISE            |0000000000,00|0000000017,22|  |        |20240331|||
VE  |VE11|00000038|20230411|70800100|TAXE BOISSONS SUCREES REFACT|        |                                 |VE  0423|20230411|NECTAR DE FRAISE            |0000000000,00|0000000005,56|  |        |20240331|||
VE  |VE11|00000038|20230411|44571200|TVA COLLECTEE 5,5 % DEBITS  |        |                                 |VE  0423|20230411|NECTAR DE FRAISE            |0000000000,00|0000000000,30|  |        |20240331|||
VE  |VE11|00000038|20230411|41100000|CLIENTS A 5.5%              |41101591|E.LECLERC APT                    |VE  0423|20230411|NECTAR DE FRAISE            |0000000336,28|0000000000,00|AB|20230519|20240331|||
VE  |VE11|00000039|20230411|70100000|VENTE NECTAR DE FRAISE      |        |                                 |VE  0423|20230411|NECTAR DE FRAISE            |0000000000,00|0000000365,40|  |        |20240331|||
VE  |VE11|00000039|20230411|44571200|TVA COLLECTEE 5,5 % DEBITS  |        |                                 |VE  0423|20230411|NECTAR DE FRAISE            |0000000000,00|0000000020,09|  |        |20240331|||
VE  |VE11|00000039|20230411|70800100|TAXE BOISSONS SUCREES REFACT|        |                                 |VE  0423|20230411|NECTAR DE FRAISE            |0000000000,00|0000000006,48|  |        |20240331|||
VE  |VE11|00000039|20230411|44571200|TVA COLLECTEE 5,5 % DEBITS  |        |                                 |VE  0423|20230411|NECTAR DE FRAISE            |0000000000,00|0000000000,36|  |        |20240331|||
VE  |VE11|00000039|20230411|41100000|CLIENTS A 5.5%              |41104251|SAS CHAMP DES GARR               |VE  0423|20230411|NECTAR DE FRAISE            |0000000392,33|0000000000,00|AD|20230629|20240331|||
VE  |VE11|00000040|20230413|70100000|VENTE NECTAR DE FRAISE      |        |                                 |VE  0423|20230413|NECTAR DE FRAISE            |0000000000,00|0000000591,60|  |        |20240331|||
VE  |VE11|00000040|20230413|44571200|TVA COLLECTEE 5,5 % DEBITS  |        |                                 |VE  0423|20230413|NECTAR DE FRAISE            |0000000000,00|0000000032,53|  |        |20240331|||
VE  |VE11|00000040|20230413|70100100|VENTE PUR JUS MUSCAT HAMBOUR|        |                                 |VE  0423|20230413|PUR JUS MUSCAT HAMBO        |0000000000,00|0000000034,80|  |        |20240331|||
VE  |VE11|00000040|20230413|44571200|TVA COLLECTEE 5,5 % DEBITS  |        |                                 |VE  0423|20230413|NECTAR DE FRAISE            |0000000000,00|0000000001,91|  |        |20240331|||
VE  |VE11|00000040|20230413|70800100|TAXE BOISSONS SUCREES REFACT|        |                                 |VE  0423|20230413|NECTAR DE FRAISE            |0000000000,00|0000000010,50|  |        |20240331|||
VE  |VE11|00000040|20230413|44571200|TVA COLLECTEE 5,5 % DEBITS  |        |                                 |VE  0423|20230413|NECTAR DE FRAISE            |0000000000,00|0000000000,58|  |        |20240331|||
VE  |VE11|00000040|20230413|41100000|CLIENTS A 5.5%              |41102430|JARDIN DES PAPES                 |VE  0423|20230413|NECTAR DE FRAISE+MUS        |0000000671,92|0000000000,00|AA|20230602|20240331|||
VE  |VE11|00000041|20230413|70100000|VENTE NECTAR DE FRAISE      |        |                                 |VE  0423|20230413|NECTAR DE FRAISE            |0000000000,00|0000000087,00|  |        |20240331|||
VE  |VE11|00000041|20230413|44571200|TVA COLLECTEE 5,5 % DEBITS  |        |                                 |VE  0423|20230413|NECTAR DE FRAISE            |0000000000,00|0000000004,79|  |        |20240331|||
VE  |VE11|00000041|20230413|70800100|TAXE BOISSONS SUCREES REFACT|        |                                 |VE  0423|20230413|NECTAR DE FRAISE            |0000000000,00|0000000001,54|  |        |20240331|||
VE  |VE11|00000041|20230413|44571200|TVA COLLECTEE 5,5 % DEBITS  |        |                                 |VE  0423|20230413|NECTAR DE FRAISE            |0000000000,00|0000000000,08|  |        |20240331|||
VE  |VE11|00000041|20230413|41100000|CLIENTS A 5.5%              |41102985|LOU MISTRAOU                     |VE  0423|20230413|NECTAR DE FRAISE            |0000000093,41|0000000000,00|AA|20230622|20240331|||
VE  |VE11|00000042|20230414|70100000|VENTE NECTAR DE FRAISE      |        |                                 |VE  0423|20230414|NECTAR DE FRAISE            |0000000000,00|0000000261,00|  |        |20240331|||
VE  |VE11|00000042|20230414|44571200|TVA COLLECTEE 5,5 % DEBITS  |        |                                 |VE  0423|20230414|NECTAR DE FRAISE            |0000000000,00|0000000014,36|  |        |20240331|||
VE  |VE11|00000042|20230414|70800100|TAXE BOISSONS SUCREES REFACT|        |                                 |VE  0423|20230414|NECTAR DE FRAISE            |0000000000,00|0000000004,63|  |        |20240331|||
VE  |VE11|00000042|20230414|44571200|TVA COLLECTEE 5,5 % DEBITS  |        |                                 |VE  0423|20230414|NECTAR DE FRAISE            |0000000000,00|0000000000,25|  |        |20240331|||
VE  |VE11|00000042|20230414|41100000|CLIENTS A 5.5%              |41101590|E.LECLERC CARPENTR               |VE  0423|20230414|NECTAR DE FRAISE            |0000000280,24|0000000000,00|AE|20230517|20240331|||
VE  |VE11|00000043|20230418|70100000|VENTE NECTAR DE FRAISE      |        |                                 |VE  0423|20230418|NECTAR DE FRAISE            |0000000000,00|0000000730,80|  |        |20240331|||
VE  |VE11|00000043|20230418|44571200|TVA COLLECTEE 5,5 % DEBITS  |        |                                 |VE  0423|20230418|NECTAR DE FRAISE            |0000000000,00|0000000040,19|  |        |20240331|||
VE  |VE11|00000043|20230418|70800100|TAXE BOISSONS SUCREES REFACT|        |                                 |VE  0423|20230418|NECTAR DE FRAISE            |0000000000,00|0000000012,97|  |        |20240331|||
VE  |VE11|00000043|20230418|44571200|TVA COLLECTEE 5,5 % DEBITS  |        |                                 |VE  0423|20230418|NECTAR DE FRAISE            |0000000000,00|0000000000,71|  |        |20240331|||
VE  |VE11|00000043|20230418|41100000|CLIENTS A 5.5%              |41104251|SAS CHAMP DES GARR               |VE  0423|20230418|NECTAR DE FRAISE            |0000000784,67|0000000000,00|AE|20230629|20240331|||
VE  |VE11|00000044|20230419|70800100|TAXE BOISSONS SUCREES REFACT|        |                                 |VE  0423|20230419|NECTAR DE FRAISE            |0000000000,00|0000000001,29|  |        |20240331|||
VE  |VE11|00000044|20230419|44571200|TVA COLLECTEE 5,5 % DEBITS  |        |                                 |VE  0423|20230419|NECTAR DE FRAISE            |0000000000,00|0000000000,08|  |        |20240331|||
VE  |VE11|00000044|20230419|41100000|CLIENTS A 5.5%              |41102430|JARDIN DES PAPES                 |VE  0423|20230419|NECTAR DE FRAISE            |0000000001,37|0000000000,00|AA|20230602|20240331|||
VE  |VE11|00000045|20230420|70100000|VENTE NECTAR DE FRAISE      |        |                                 |VE  0423|20230420|NECTAR DE FRAISE            |0000000000,00|0000000556,80|  |        |20240331|||
VE  |VE11|00000045|20230420|44571200|TVA COLLECTEE 5,5 % DEBITS  |        |                                 |VE  0423|20230420|NECTAR DE FRAISE            |0000000000,00|0000000030,62|  |        |20240331|||
VE  |VE11|00000045|20230420|70100100|VENTE PUR JUS MUSCAT HAMBOUR|        |                                 |VE  0423|20230420|PUR JUS MUSCAT HAMBO        |0000000000,00|0000000052,20|  |        |20240331|||
VE  |VE11|00000045|20230420|44571200|TVA COLLECTEE 5,5 % DEBITS  |        |                                 |VE  0423|20230420|NECTAR DE FRAISE            |0000000000,00|0000000002,87|  |        |20240331|||
VE  |VE11|00000045|20230420|70800100|TAXE BOISSONS SUCREES REFACT|        |                                 |VE  0423|20230420|NECTAR DE FRAISE            |0000000000,00|0000000009,88|  |        |20240331|||
VE  |VE11|00000045|20230420|44571200|TVA COLLECTEE 5,5 % DEBITS  |        |                                 |VE  0423|20230420|NECTAR DE FRAISE            |0000000000,00|0000000000,55|  |        |20240331|||
VE  |VE11|00000045|20230420|41100000|CLIENTS A 5.5%              |41102430|JARDIN DES PAPES                 |VE  0423|20230420|NECTAR DE FRAISE+PUR        |0000000652,92|0000000000,00|AA|20230602|20240331|||
VE  |VE11|00000046|20230421|70100000|VENTE NECTAR DE FRAISE      |        |                                 |VE  0423|20230421|NECTAR DE FRAISE            |0000000000,00|0000000087,00|  |        |20240331|||
VE  |VE11|00000046|20230421|44571200|TVA COLLECTEE 5,5 % DEBITS  |        |                                 |VE  0423|20230421|NECTAR DE FRAISE            |0000000000,00|0000000004,79|  |        |20240331|||
VE  |VE11|00000046|20230421|70800100|TAXE BOISSONS SUCREES REFACT|        |                                 |VE  0423|20230421|NECTAR DE FRAISE            |0000000000,00|0000000001,54|  |        |20240331|||
VE  |VE11|00000046|20230421|44571200|TVA COLLECTEE 5,5 % DEBITS  |        |                                 |VE  0423|20230421|NECTAR DE FRAISE            |0000000000,00|0000000000,08|  |        |20240331|||
VE  |VE11|00000046|20230421|41100000|CLIENTS A 5.5%              |41102985|LOU MISTRAOU                     |VE  0423|20230421|NECTAR DE FRAISE            |0000000093,41|0000000000,00|AA|20230622|20240331|||
VE  |VE11|00000047|20230425|70100000|VENTE NECTAR DE FRAISE      |        |                                 |VE  0423|20230425|NECTAR DE FRAISE            |0000000000,00|0000002305,80|  |        |20240331|||
VE  |VE11|00000047|20230425|44571200|TVA COLLECTEE 5,5 % DEBITS  |        |                                 |VE  0423|20230425|NECTAR DE FRAISE            |0000000000,00|0000000126,82|  |        |20240331|||
VE  |VE11|00000047|20230425|70800100|TAXE BOISSONS SUCREES REFACT|        |                                 |VE  0423|20230425|NECTAR DE FRAISE            |0000000000,00|0000000038,90|  |        |20240331|||
VE  |VE11|00000047|20230425|44571200|TVA COLLECTEE 5,5 % DEBITS  |        |                                 |VE  0423|20230425|NECTAR DE FRAISE            |0000000000,00|0000000002,13|  |        |20240331|||
VE  |VE11|00000047|20230425|41100000|CLIENTS A 5.5%              |41102430|JARDIN DES PAPES                 |VE  0423|20230425|NECTAR DE FRAISE            |0000002473,65|0000000000,00|AA|20230602|20240331|||
VE  |VE11|00000048|20230426|70100000|VENTE NECTAR DE FRAISE      |        |                                 |VE  0423|20230426|NECTAR DE FRAISE            |0000000000,00|0000000087,00|  |        |20240331|||
VE  |VE11|00000048|20230426|44571200|TVA COLLECTEE 5,5 % DEBITS  |        |                                 |VE  0423|20230426|NECTAR DE FRAISE            |0000000000,00|0000000004,79|  |        |20240331|||
VE  |VE11|00000048|20230426|70800100|TAXE BOISSONS SUCREES REFACT|        |                                 |VE  0423|20230426|NECTAR DE FRAISE            |0000000000,00|0000000001,54|  |        |20240331|||
VE  |VE11|00000048|20230426|44571200|TVA COLLECTEE 5,5 % DEBITS  |        |                                 |VE  0423|20230426|NECTAR DE FRAISE            |0000000000,00|0000000000,08|  |        |20240331|||
VE  |VE11|00000048|20230426|41100000|CLIENTS A 5.5%              |41102985|LOU MISTRAOU                     |VE  0423|20230426|NECTAR DE FRAISE            |0000000093,41|0000000000,00|AA|20230622|20240331|||
VE  |VE11|00000049|20230428|70100000|VENTE NECTAR DE FRAISE      |        |                                 |VE  0423|20230428|NECTAR DE FRAISE            |0000000000,00|0000000087,00|  |        |20240331|||
VE  |VE11|00000049|20230428|44571200|TVA COLLECTEE 5,5 % DEBITS  |        |                                 |VE  0423|20230428|NECTAR DE FRAISE            |0000000000,00|0000000004,79|  |        |20240331|||
VE  |VE11|00000049|20230428|70800100|TAXE BOISSONS SUCREES REFACT|        |                                 |VE  0423|20230428|NECTAR DE FRAISE            |0000000000,00|0000000001,54|  |        |20240331|||
VE  |VE11|00000049|20230428|44571200|TVA COLLECTEE 5,5 % DEBITS  |        |                                 |VE  0423|20230428|NECTAR DE FRAISE            |0000000000,00|0000000000,08|  |        |20240331|||
VE  |VE11|00000049|20230428|41100000|CLIENTS A 5.5%              |41100540|BOURGOIN DISTRIBUT               |VE  0423|20230428|NECTAR DE FRAISE            |0000000093,41|0000000000,00|  |        |20240331|||
VE  |VE11|00000050|20230429|70100000|VENTE NECTAR DE FRAISE      |        |                                 |VE  0423|20230429|NECTAR DE FRAISE            |0000000000,00|0000000522,00|  |        |20240331|||
VE  |VE11|00000050|20230429|44571200|TVA COLLECTEE 5,5 % DEBITS  |        |                                 |VE  0423|20230429|NECTAR DE FRAISE            |0000000000,00|0000000028,71|  |        |20240331|||
VE  |VE11|00000050|20230429|70100200|GASPACHO TOMATES ANCIENNES  |        |                                 |VE  0423|20230429|GASPACHO TOMATES ANC        |0000000000,00|0000000210,00|  |        |20240331|||
VE  |VE11|00000050|20230429|44571200|TVA COLLECTEE 5,5 % DEBITS  |        |                                 |VE  0423|20230429|NECTAR DE FRAISE            |0000000000,00|0000000011,55|  |        |20240331|||
VE  |VE11|00000050|20230429|70800100|TAXE BOISSONS SUCREES REFACT|        |                                 |VE  0423|20230429|NECTAR DE FRAISE            |0000000000,00|0000000009,26|  |        |20240331|||
VE  |VE11|00000050|20230429|44571200|TVA COLLECTEE 5,5 % DEBITS  |        |                                 |VE  0423|20230429|NECTAR DE FRAISE            |0000000000,00|0000000000,51|  |        |20240331|||
VE  |VE11|00000050|20230429|41100000|CLIENTS A 5.5%              |41101765|FLEUR DES SABLES                 |VE  0423|20230429|NECTAR DE FRAISE+GAS        |0000000782,03|0000000000,00|AD|20230629|20240331|||
VE  |VE11|00000051|20230429|70100000|VENTE NECTAR DE FRAISE      |        |                                 |VE  0423|20230429|NECTAR DE FRAISE            |0000000000,00|0000000087,00|  |        |20240331|||
VE  |VE11|00000051|20230429|44571200|TVA COLLECTEE 5,5 % DEBITS  |        |                                 |VE  0423|20230429|NECTAR DE FRAISE            |0000000000,00|0000000004,79|  |        |20240331|||
VE  |VE11|00000051|20230429|70800100|TAXE BOISSONS SUCREES REFACT|        |                                 |VE  0423|20230429|NECTAR DE FRAISE            |0000000000,00|0000000001,54|  |        |20240331|||
VE  |VE11|00000051|20230429|44571200|TVA COLLECTEE 5,5 % DEBITS  |        |                                 |VE  0423|20230429|NECTAR DE FRAISE            |0000000000,00|0000000000,08|  |        |20240331|||
VE  |VE11|00000051|20230429|41100000|CLIENTS A 5.5%              |41104751|U EXPRESS BEAUMES                |VE  0423|20230429|NECTAR DE FRAISE            |0000000093,41|0000000000,00|AA|20230629|20240331|||
VE  |VE11|00000052|20230429|70100000|VENTE NECTAR DE FRAISE      |        |                                 |VE  0423|20230429|NECTAR DE FRAISE            |0000000000,00|0000000174,00|  |        |20240331|||
VE  |VE11|00000052|20230429|44571200|TVA COLLECTEE 5,5 % DEBITS  |        |                                 |VE  0423|20230429|NECTAR DE FRAISE            |0000000000,00|0000000009,57|  |        |20240331|||
VE  |VE11|00000052|20230429|70100200|GASPACHO TOMATES ANCIENNES  |        |                                 |VE  0423|20230429|GASPACHO TOMATES ANC        |0000000000,00|0000000105,00|  |        |20240331|||
VE  |VE11|00000052|20230429|44571200|TVA COLLECTEE 5,5 % DEBITS  |        |                                 |VE  0423|20230429|NECTAR DE FRAISE            |0000000000,00|0000000005,78|  |        |20240331|||
VE  |VE11|00000052|20230429|70800100|TAXE BOISSONS SUCREES REFACT|        |                                 |VE  0423|20230429|NECTAR DE FRAISE            |0000000000,00|0000000003,09|  |        |20240331|||
VE  |VE11|00000052|20230429|44571200|TVA COLLECTEE 5,5 % DEBITS  |        |                                 |VE  0423|20230429|NECTAR DE FRAISE            |0000000000,00|0000000000,16|  |        |20240331|||
VE  |VE11|00000052|20230429|41100000|CLIENTS A 5.5%              |41104070|RIPERT ET FILS                   |VE  0423|20230429|NECTAR DE FRAISE+GAS        |0000000297,60|0000000000,00|A |20230629|20240331|||
VE  |VE11|00000053|20230505|70100000|VENTE NECTAR DE FRAISE      |        |                                 |VE  0523|20230505|VENTE NECTAR FRAISE         |0000000000,00|0000000939,60|  |        |20240331|||
VE  |VE11|00000053|20230505|44571200|TVA COLLECTEE 5,5 % DEBITS  |        |                                 |VE  0523|20230505|VENTE NECTAR FRAISE         |0000000000,00|0000000051,68|  |        |20240331|||
VE  |VE11|00000053|20230505|70800100|TAXE BOISSONS SUCREES REFACT|        |                                 |VE  0523|20230505|VENTE NECTAR FRAISE         |0000000000,00|0000000016,67|  |        |20240331|||
VE  |VE11|00000053|20230505|44571200|TVA COLLECTEE 5,5 % DEBITS  |        |                                 |VE  0523|20230505|VENTE NECTAR FRAISE         |0000000000,00|0000000000,91|  |        |20240331|||
VE  |VE11|00000053|20230505|41100000|CLIENTS A 5.5%              |41102430|JARDIN DES PAPES                 |VE  0523|20230505|VENTE NECTAR FRAISE         |0000001008,86|0000000000,00|AB|20230626|20240331|||
VE  |VE11|00000054|20230505|70100200|GASPACHO TOMATES ANCIENNES  |        |                                 |VE  0523|20230505|GASPACHO TOMATES ANC        |0000000000,00|0000000147,00|  |        |20240331|||
VE  |VE11|00000054|20230505|44571200|TVA COLLECTEE 5,5 % DEBITS  |        |                                 |VE  0523|20230505|GASPACHO TOMATES ANC        |0000000000,00|0000000008,09|  |        |20240331|||
VE  |VE11|00000054|20230505|41100000|CLIENTS A 5.5%              |41101590|E.LECLERC CARPENTR               |VE  0523|20230505|GASPACHO TOMATES ANC        |0000000155,09|0000000000,00|AF|20230522|20240331|||
VE  |VE11|00000055|20230509|70100000|VENTE NECTAR DE FRAISE      |        |                                 |VE  0523|20230509|NECTAR FRAISE               |0000000000,00|0000000052,20|  |        |20240331|||
VE  |VE11|00000055|20230509|44571200|TVA COLLECTEE 5,5 % DEBITS  |        |                                 |VE  0523|20230509|NECTAR FRAISE               |0000000000,00|0000000002,87|  |        |20240331|||
VE  |VE11|00000055|20230509|70800100|TAXE BOISSONS SUCREES REFACT|        |                                 |VE  0523|20230509|NECTAR FRAISE               |0000000000,00|0000000000,93|  |        |20240331|||
VE  |VE11|00000055|20230509|44571200|TVA COLLECTEE 5,5 % DEBITS  |        |                                 |VE  0523|20230509|NECTAR FRAISE               |0000000000,00|0000000000,05|  |        |20240331|||
VE  |VE11|00000055|20230509|41100000|CLIENTS A 5.5%              |41102785|LES DELICES DU JAR               |VE  0523|20230509|NECTAR FRAISE               |0000000056,05|0000000000,00|  |        |20240331|||
VE  |VE11|00000056|20230509|70100000|VENTE NECTAR DE FRAISE      |        |                                 |VE  0523|20230509|VENTE NECTAR FRAISE         |0000000000,00|0000005987,52|  |        |20240331|||
VE  |VE11|00000056|20230509|44571200|TVA COLLECTEE 5,5 % DEBITS  |        |                                 |VE  0523|20230509|VENTE NECTAR FRAISE         |0000000000,00|0000000329,31|  |        |20240331|||
VE  |VE11|00000056|20230509|70800100|TAXE BOISSONS SUCREES REFACT|        |                                 |VE  0523|20230509|VENTE NECTAR FRAISE         |0000000000,00|0000000116,69|  |        |20240331|||
VE  |VE11|00000056|20230509|44571200|TVA COLLECTEE 5,5 % DEBITS  |        |                                 |VE  0523|20230509|VENTE NECTAR FRAISE         |0000000000,00|0000000006,42|  |        |20240331|||
VE  |VE11|00000056|20230509|41100000|CLIENTS A 5.5%              |41101050|COLRUYT RETAIL FRA               |VE  0523|20230509|VENTE NECTAR FRAISE         |0000006439,94|0000000000,00|  |        |20240331|||
VE  |VE11|00000057|20230509|70800100|TAXE BOISSONS SUCREES REFACT|        |                                 |VE  0523|20230509|NECTAR DE FRAISE            |0000000097,24|0000000000,00|  |        |20240331|||
VE  |VE11|00000057|20230509|44571200|TVA COLLECTEE 5,5 % DEBITS  |        |                                 |VE  0523|20230509|NECTAR DE FRAISE            |0000000005,35|0000000000,00|  |        |20240331|||
VE  |VE11|00000057|20230509|41100000|CLIENTS A 5.5%              |41102430|JARDIN DES PAPES                 |VE  0523|20230509|NECTAR DE FRAISE            |0000000000,00|0000000102,59|AB|20230626|20240331|||
VE  |VE11|00000058|20230509|70100000|VENTE NECTAR DE FRAISE      |        |                                 |VE  0523|20230509|VENTE NECTAR FRAISE         |0000000000,00|0000000870,00|  |        |20240331|||
VE  |VE11|00000058|20230509|44571200|TVA COLLECTEE 5,5 % DEBITS  |        |                                 |VE  0523|20230509|VENTE NECTAR FRAISE         |0000000000,00|0000000047,85|  |        |20240331|||
VE  |VE11|00000058|20230509|70800100|TAXE BOISSONS SUCREES REFACT|        |                                 |VE  0523|20230509|VENTE NECTAR FRAISE         |0000000000,00|0000000015,44|  |        |20240331|||
VE  |VE11|00000058|20230509|44571200|TVA COLLECTEE 5,5 % DEBITS  |        |                                 |VE  0523|20230509|VENTE NECTAR FRAISE         |0000000000,00|0000000000,84|  |        |20240331|||
VE  |VE11|00000058|20230509|41100000|CLIENTS A 5.5%              |41104251|SAS CHAMP DES GARR               |VE  0523|20230509|VENTE NECTAR FRAISE         |0000000934,13|0000000000,00|AC|20230629|20240331|||
VE  |VE11|00000059|20230510|70100000|VENTE NECTAR DE FRAISE      |        |                                 |VE  0523|20230510|VENTE NECTAR FRAISE         |0000000000,00|0000000243,60|  |        |20240331|||
VE  |VE11|00000059|20230510|44571200|TVA COLLECTEE 5,5 % DEBITS  |        |                                 |VE  0523|20230510|VENTE NECTAR FRAISE         |0000000000,00|0000000013,40|  |        |20240331|||
VE  |VE11|00000059|20230510|70800100|TAXE BOISSONS SUCREES REFACT|        |                                 |VE  0523|20230510|VENTE NECTAR FRAISE         |0000000000,00|0000000004,32|  |        |20240331|||
VE  |VE11|00000059|20230510|44571200|TVA COLLECTEE 5,5 % DEBITS  |        |                                 |VE  0523|20230510|VENTE NECTAR FRAISE         |0000000000,00|0000000000,24|  |        |20240331|||
VE  |VE11|00000059|20230510|41100000|CLIENTS A 5.5%              |41100540|BOURGOIN DISTRIBUT               |VE  0523|20230510|VENTE NECTAR FRAISE         |0000000261,56|0000000000,00|AA|20230606|20240331|||
VE  |VE11|00000060|20230511|70100000|VENTE NECTAR DE FRAISE      |        |                                 |VE  0523|20230511|VENTE NECTAR FRAISE         |0000000000,00|0000000643,80|  |        |20240331|||
VE  |VE11|00000060|20230511|44571200|TVA COLLECTEE 5,5 % DEBITS  |        |                                 |VE  0523|20230511|VENTE NECTAR FRAISE         |0000000000,00|0000000035,41|  |        |20240331|||
VE  |VE11|00000060|20230511|70100100|VENTE PUR JUS MUSCAT HAMBOUR|        |                                 |VE  0523|20230511|PUR JUS MUSCAT              |0000000000,00|0000000191,40|  |        |20240331|||
VE  |VE11|00000060|20230511|44571200|TVA COLLECTEE 5,5 % DEBITS  |        |                                 |VE  0523|20230511|VENTE NECTAR FRAISE         |0000000000,00|0000000010,53|  |        |20240331|||
VE  |VE11|00000060|20230511|70800100|TAXE BOISSONS SUCREES REFACT|        |                                 |VE  0523|20230511|VENTE NECTAR FRAISE         |0000000000,00|0000000011,42|  |        |20240331|||
VE  |VE11|00000060|20230511|44571200|TVA COLLECTEE 5,5 % DEBITS  |        |                                 |VE  0523|20230511|VENTE NECTAR FRAISE         |0000000000,00|0000000000,63|  |        |20240331|||
VE  |VE11|00000060|20230511|41100000|CLIENTS A 5.5%              |41102430|JARDIN DES PAPES                 |VE  0523|20230511|VENTE NECTAR FRAISE         |0000000893,19|0000000000,00|AB|20230626|20240331|||
VE  |VE11|00000061|20230511|70100000|VENTE NECTAR DE FRAISE      |        |                                 |VE  0523|20230511|VENTE NECTAR FRAISE         |0000000000,00|0000000087,00|  |        |20240331|||
VE  |VE11|00000061|20230511|44571200|TVA COLLECTEE 5,5 % DEBITS  |        |                                 |VE  0523|20230511|VENTE NECTAR FRAISE         |0000000000,00|0000000004,79|  |        |20240331|||
VE  |VE11|00000061|20230511|70800100|TAXE BOISSONS SUCREES REFACT|        |                                 |VE  0523|20230511|VENTE NECTAR FRAISE         |0000000000,00|0000000001,54|  |        |20240331|||
VE  |VE11|00000061|20230511|44571200|TVA COLLECTEE 5,5 % DEBITS  |        |                                 |VE  0523|20230511|VENTE NECTAR FRAISE         |0000000000,00|0000000000,08|  |        |20240331|||
VE  |VE11|00000061|20230511|41100000|CLIENTS A 5.5%              |41102985|LOU MISTRAOU                     |VE  0523|20230511|VENTE NECTAR FRAISE         |0000000093,41|0000000000,00|AA|20230622|20240331|||
VE  |VE11|00000062|20230517|70100000|VENTE NECTAR DE FRAISE      |        |                                 |VE  0523|20230517|VENTE NECTAR FRAISE         |0000000000,00|0000000087,00|  |        |20240331|||
VE  |VE11|00000062|20230517|44571200|TVA COLLECTEE 5,5 % DEBITS  |        |                                 |VE  0523|20230517|VENTE NECTAR FRAISE         |0000000000,00|0000000004,79|  |        |20240331|||
VE  |VE11|00000062|20230517|70800100|TAXE BOISSONS SUCREES REFACT|        |                                 |VE  0523|20230517|VENTE NECTAR FRAISE         |0000000000,00|0000000001,54|  |        |20240331|||
VE  |VE11|00000062|20230517|44571200|TVA COLLECTEE 5,5 % DEBITS  |        |                                 |VE  0523|20230517|VENTE NECTAR FRAISE         |0000000000,00|0000000000,08|  |        |20240331|||
VE  |VE11|00000062|20230517|41100000|CLIENTS A 5.5%              |41102985|LOU MISTRAOU                     |VE  0523|20230517|VENTE NECTAR FRAISE         |0000000093,41|0000000000,00|AA|20230622|20240331|||
VE  |VE11|00000063|20230519|70100000|VENTE NECTAR DE FRAISE      |        |                                 |VE  0523|20230519|VENTE NECTAR FRAISE         |0000000000,00|0000000017,40|  |        |20240331|||
VE  |VE11|00000063|20230519|44571200|TVA COLLECTEE 5,5 % DEBITS  |        |                                 |VE  0523|20230519|VENTE NECTAR FRAISE         |0000000000,00|0000000000,96|  |        |20240331|||
VE  |VE11|00000063|20230519|70100100|VENTE PUR JUS MUSCAT HAMBOUR|        |                                 |VE  0523|20230519|PUR JUS MUSCAT              |0000000000,00|0000000017,40|  |        |20240331|||
VE  |VE11|00000063|20230519|44571200|TVA COLLECTEE 5,5 % DEBITS  |        |                                 |VE  0523|20230519|VENTE NECTAR FRAISE         |0000000000,00|0000000000,96|  |        |20240331|||
VE  |VE11|00000063|20230519|70800100|TAXE BOISSONS SUCREES REFACT|        |                                 |VE  0523|20230519|VENTE NECTAR FRAISE         |0000000000,00|0000000000,31|  |        |20240331|||
VE  |VE11|00000063|20230519|44571200|TVA COLLECTEE 5,5 % DEBITS  |        |                                 |VE  0523|20230519|VENTE NECTAR FRAISE         |0000000000,00|0000000000,01|  |        |20240331|||
VE  |VE11|00000063|20230519|41100000|CLIENTS A 5.5%              |41104815|VENTOUX FRUITS                   |VE  0523|20230519|NECTAR FRAISE + JUS         |0000000037,04|0000000000,00|  |        |20240331|||
VE  |VE11|00000064|20230519|70100000|VENTE NECTAR DE FRAISE      |        |                                 |VE  0523|20230519|VENTE NECTAR FRAISE         |0000000000,00|0000000452,40|  |        |20240331|||
VE  |VE11|00000064|20230519|44571200|TVA COLLECTEE 5,5 % DEBITS  |        |                                 |VE  0523|20230519|VENTE NECTAR FRAISE         |0000000000,00|0000000024,88|  |        |20240331|||
VE  |VE11|00000064|20230519|70800100|TAXE BOISSONS SUCREES REFACT|        |                                 |VE  0523|20230519|VENTE NECTAR FRAISE         |0000000000,00|0000000008,03|  |        |20240331|||
VE  |VE11|00000064|20230519|44571200|TVA COLLECTEE 5,5 % DEBITS  |        |                                 |VE  0523|20230519|VENTE NECTAR FRAISE         |0000000000,00|0000000000,44|  |        |20240331|||
VE  |VE11|00000064|20230519|41100000|CLIENTS A 5.5%              |41102430|JARDIN DES PAPES                 |VE  0523|20230519|VENTE NECTAR FRAISE         |0000000485,75|0000000000,00|AB|20230626|20240331|||
VE  |VE11|00000065|20230526|70100000|VENTE NECTAR DE FRAISE      |        |                                 |VE  0523|20230526|NECTAR FRAISE               |0000000000,00|0000000069,60|  |        |20240331|||
VE  |VE11|00000065|20230526|44571200|TVA COLLECTEE 5,5 % DEBITS  |        |                                 |VE  0523|20230526|NECTAR FRAISE               |0000000000,00|0000000003,83|  |        |20240331|||
VE  |VE11|00000065|20230526|70100100|VENTE PUR JUS MUSCAT HAMBOUR|        |                                 |VE  0523|20230526|PUR JUS MUSCAT              |0000000000,00|0000000017,40|  |        |20240331|||
VE  |VE11|00000065|20230526|44571200|TVA COLLECTEE 5,5 % DEBITS  |        |                                 |VE  0523|20230526|NECTAR FRAISE               |0000000000,00|0000000000,96|  |        |20240331|||
VE  |VE11|00000065|20230526|70800100|TAXE BOISSONS SUCREES REFACT|        |                                 |VE  0523|20230526|NECTAR FRAISE               |0000000000,00|0000000001,23|  |        |20240331|||
VE  |VE11|00000065|20230526|44571200|TVA COLLECTEE 5,5 % DEBITS  |        |                                 |VE  0523|20230526|NECTAR FRAISE               |0000000000,00|0000000000,07|  |        |20240331|||
VE  |VE11|00000065|20230526|41100000|CLIENTS A 5.5%              |41101309|DELICIEUSE FRAISE                |VE  0523|20230526|NECTAR FRAISE + JUS         |0000000093,09|0000000000,00|  |        |20240331|||
VE  |VE11|00000066|20230526|70100000|VENTE NECTAR DE FRAISE      |        |                                 |VE  0523|20230526|NECTAR FRAISE               |0000000000,00|0000000069,60|  |        |20240331|||
VE  |VE11|00000066|20230526|44571200|TVA COLLECTEE 5,5 % DEBITS  |        |                                 |VE  0523|20230526|NECTAR FRAISE               |0000000000,00|0000000003,83|  |        |20240331|||
VE  |VE11|00000066|20230526|70100100|VENTE PUR JUS MUSCAT HAMBOUR|        |                                 |VE  0523|20230526|PUR JUS MUSCAT              |0000000000,00|0000000017,40|  |        |20240331|||
VE  |VE11|00000066|20230526|44571200|TVA COLLECTEE 5,5 % DEBITS  |        |                                 |VE  0523|20230526|NECTAR FRAISE               |0000000000,00|0000000000,96|  |        |20240331|||
VE  |VE11|00000066|20230526|70800100|TAXE BOISSONS SUCREES REFACT|        |                                 |VE  0523|20230526|NECTAR FRAISE               |0000000000,00|0000000001,23|  |        |20240331|||
VE  |VE11|00000066|20230526|44571200|TVA COLLECTEE 5,5 % DEBITS  |        |                                 |VE  0523|20230526|NECTAR FRAISE               |0000000000,00|0000000000,07|  |        |20240331|||
VE  |VE11|00000066|20230526|41100000|CLIENTS A 5.5%              |41104815|VENTOUX FRUITS                   |VE  0523|20230526|NECTAR FRAISE+ JUS M        |0000000093,09|0000000000,00|A |20230526|20240331|||
VE  |VE11|00000067|20230526|70100000|VENTE NECTAR DE FRAISE      |        |                                 |VE  0523|20230526|NECTAR FRAISE               |0000000087,00|0000000000,00|  |        |20240331|||
VE  |VE11|00000067|20230526|44571200|TVA COLLECTEE 5,5 % DEBITS  |        |                                 |VE  0523|20230526|NECTAR FRAISE               |0000000004,79|0000000000,00|  |        |20240331|||
VE  |VE11|00000067|20230526|70800100|TAXE BOISSONS SUCREES REFACT|        |                                 |VE  0523|20230526|NECTAR FRAISE               |0000000001,23|0000000000,00|  |        |20240331|||
VE  |VE11|00000067|20230526|44571200|TVA COLLECTEE 5,5 % DEBITS  |        |                                 |VE  0523|20230526|NECTAR FRAISE               |0000000000,07|0000000000,00|  |        |20240331|||
VE  |VE11|00000067|20230526|41100000|CLIENTS A 5.5%              |41104815|VENTOUX FRUITS                   |VE  0523|20230526|NECTAR FRAISE               |0000000000,00|0000000093,09|A |20230526|20240331|||
VE  |VE11|00000068|20230530|70100000|VENTE NECTAR DE FRAISE      |        |                                 |VE  0523|20230530|NECTAR FRAISE               |0000000000,00|0000000087,00|  |        |20240331|||
VE  |VE11|00000068|20230530|44571200|TVA COLLECTEE 5,5 % DEBITS  |        |                                 |VE  0523|20230530|NECTAR FRAISE               |0000000000,00|0000000004,79|  |        |20240331|||
VE  |VE11|00000068|20230530|70800100|TAXE BOISSONS SUCREES REFACT|        |                                 |VE  0523|20230530|NECTAR FRAISE               |0000000000,00|0000000001,54|  |        |20240331|||
VE  |VE11|00000068|20230530|44571200|TVA COLLECTEE 5,5 % DEBITS  |        |                                 |VE  0523|20230530|NECTAR FRAISE               |0000000000,00|0000000000,08|  |        |20240331|||
VE  |VE11|00000068|20230530|41100000|CLIENTS A 5.5%              |41102985|LOU MISTRAOU                     |VE  0523|20230530|NECTAR FRAISE               |0000000093,41|0000000000,00|  |        |20240331|||
VE  |VE11|00000069|20230601|70100000|VENTE NECTAR DE FRAISE      |        |                                 |VE  0623|20230601|VENTE NECTAR FRAISE         |0000000000,00|0000000435,00|  |        |20240331|||
VE  |VE11|00000069|20230601|44571200|TVA COLLECTEE 5,5 % DEBITS  |        |                                 |VE  0623|20230601|VENTE NECTAR FRAISE         |0000000000,00|0000000023,93|  |        |20240331|||
VE  |VE11|00000069|20230601|70800100|TAXE BOISSONS SUCREES REFACT|        |                                 |VE  0623|20230601|VENTE NECTAR FRAISE         |0000000000,00|0000000007,72|  |        |20240331|||
VE  |VE11|00000069|20230601|44571200|TVA COLLECTEE 5,5 % DEBITS  |        |                                 |VE  0623|20230601|VENTE NECTAR FRAISE         |0000000000,00|0000000000,42|  |        |20240331|||
VE  |VE11|00000069|20230601|41100000|CLIENTS A 5.5%              |41102430|JARDIN DES PAPES                 |VE  0623|20230601|VENTE NECTAR FRAISE         |0000000467,07|0000000000,00|  |        |20240331|||
VE  |VE11|00000070|20230605|70100000|VENTE NECTAR DE FRAISE      |        |                                 |VE  0623|20230605|VENTE NECTAR FRAISE         |0000000000,00|0000001190,70|  |        |20240331|||
VE  |VE11|00000070|20230605|44571200|TVA COLLECTEE 5,5 % DEBITS  |        |                                 |VE  0623|20230605|VENTE NECTAR FRAISE         |0000000000,00|0000000065,49|  |        |20240331|||
VE  |VE11|00000070|20230605|70800100|TAXE BOISSONS SUCREES REFACT|        |                                 |VE  0623|20230605|VENTE NECTAR FRAISE         |0000000000,00|0000000019,45|  |        |20240331|||
VE  |VE11|00000070|20230605|44571200|TVA COLLECTEE 5,5 % DEBITS  |        |                                 |VE  0623|20230605|VENTE NECTAR FRAISE         |0000000000,00|0000000001,07|  |        |20240331|||
VE  |VE11|00000070|20230605|41100000|CLIENTS A 5.5%              |41102430|JARDIN DES PAPES                 |VE  0623|20230605|VENTE NECTAR FRAISE         |0000001276,71|0000000000,00|  |        |20240331|||
VE  |VE11|00000071|20230607|70100000|VENTE NECTAR DE FRAISE      |        |                                 |VE  0623|20230607|VENTE NECTAR FRAISE         |0000000000,00|0000000139,20|  |        |20240331|||
VE  |VE11|00000071|20230607|44571200|TVA COLLECTEE 5,5 % DEBITS  |        |                                 |VE  0623|20230607|VENTE NECTAR FRAISE         |0000000000,00|0000000007,66|  |        |20240331|||
VE  |VE11|00000071|20230607|70100100|VENTE PUR JUS MUSCAT HAMBOUR|        |                                 |VE  0623|20230607|PUR JUS MUSCAT HAMBO        |0000000000,00|0000000069,60|  |        |20240331|||
VE  |VE11|00000071|20230607|44571200|TVA COLLECTEE 5,5 % DEBITS  |        |                                 |VE  0623|20230607|VENTE NECTAR FRAISE         |0000000000,00|0000000003,83|  |        |20240331|||
VE  |VE11|00000071|20230607|70800100|TAXE BOISSONS SUCREES REFACT|        |                                 |VE  0623|20230607|VENTE NECTAR FRAISE         |0000000000,00|0000000002,47|  |        |20240331|||
VE  |VE11|00000071|20230607|44571200|TVA COLLECTEE 5,5 % DEBITS  |        |                                 |VE  0623|20230607|VENTE NECTAR FRAISE         |0000000000,00|0000000000,13|  |        |20240331|||
VE  |VE11|00000071|20230607|41100000|CLIENTS A 5.5%              |41104746|U EXPRESS CAUMONT                |VE  0623|20230607|NECTAR FRAISE+JUS MU        |0000000222,89|0000000000,00|  |        |20240331|||
VE  |VE11|00000072|20230607|70100000|VENTE NECTAR DE FRAISE      |        |                                 |VE  0623|20230607|VENTE NECTAR FRAISE         |0000000000,00|0000000087,00|  |        |20240331|||
VE  |VE11|00000072|20230607|44571200|TVA COLLECTEE 5,5 % DEBITS  |        |                                 |VE  0623|20230607|VENTE NECTAR FRAISE         |0000000000,00|0000000004,79|  |        |20240331|||
VE  |VE11|00000072|20230607|70800100|TAXE BOISSONS SUCREES REFACT|        |                                 |VE  0623|20230607|VENTE NECTAR FRAISE         |0000000000,00|0000000001,54|  |        |20240331|||
VE  |VE11|00000072|20230607|44571200|TVA COLLECTEE 5,5 % DEBITS  |        |                                 |VE  0623|20230607|VENTE NECTAR FRAISE         |0000000000,00|0000000000,08|  |        |20240331|||
VE  |VE11|00000072|20230607|41100000|CLIENTS A 5.5%              |41100541|BOULANGERIE DE SOP               |VE  0623|20230607|VENTE NECTAR FRAISE         |0000000093,41|0000000000,00|  |        |20240331|||
VE  |VE11|00000073|20230607|70100000|VENTE NECTAR DE FRAISE      |        |                                 |VE  0623|20230607|VENTE NECTAR FRAISE         |0000000000,00|0000000174,00|  |        |20240331|||
VE  |VE11|00000073|20230607|44571200|TVA COLLECTEE 5,5 % DEBITS  |        |                                 |VE  0623|20230607|VENTE NECTAR FRAISE         |0000000000,00|0000000009,57|  |        |20240331|||
VE  |VE11|00000073|20230607|70100100|VENTE PUR JUS MUSCAT HAMBOUR|        |                                 |VE  0623|20230607|PUR JUS MUSCAT HAMBO        |0000000000,00|0000000069,60|  |        |20240331|||
VE  |VE11|00000073|20230607|44571200|TVA COLLECTEE 5,5 % DEBITS  |        |                                 |VE  0623|20230607|VENTE NECTAR FRAISE         |0000000000,00|0000000003,82|  |        |20240331|||
VE  |VE11|00000073|20230607|70800100|TAXE BOISSONS SUCREES REFACT|        |                                 |VE  0623|20230607|VENTE NECTAR FRAISE         |0000000000,00|0000000003,09|  |        |20240331|||
VE  |VE11|00000073|20230607|44571200|TVA COLLECTEE 5,5 % DEBITS  |        |                                 |VE  0623|20230607|VENTE NECTAR FRAISE         |0000000000,00|0000000000,17|  |        |20240331|||
VE  |VE11|00000073|20230607|41100000|CLIENTS A 5.5%              |41102620|LA HALLE DES PRODU               |VE  0623|20230607|NECTAR FRAISE+JUS MU        |0000000260,25|0000000000,00|  |        |20240331|||
VE  |VE11|00000074|20230607|70100000|VENTE NECTAR DE FRAISE      |        |                                 |VE  0623|20230607|VENTE NECTAR FRAISE         |0000000000,00|0000000087,00|  |        |20240331|||
VE  |VE11|00000074|20230607|44571200|TVA COLLECTEE 5,5 % DEBITS  |        |                                 |VE  0623|20230607|VENTE NECTAR FRAISE         |0000000000,00|0000000004,79|  |        |20240331|||
VE  |VE11|00000074|20230607|70100100|VENTE PUR JUS MUSCAT HAMBOUR|        |                                 |VE  0623|20230607|PUR JUS MUSCAT HAMBO        |0000000000,00|0000000052,20|  |        |20240331|||
VE  |VE11|00000074|20230607|44571200|TVA COLLECTEE 5,5 % DEBITS  |        |                                 |VE  0623|20230607|VENTE NECTAR FRAISE         |0000000000,00|0000000002,87|  |        |20240331|||
VE  |VE11|00000074|20230607|70800100|TAXE BOISSONS SUCREES REFACT|        |                                 |VE  0623|20230607|VENTE NECTAR FRAISE         |0000000000,00|0000000001,54|  |        |20240331|||
VE  |VE11|00000074|20230607|44571200|TVA COLLECTEE 5,5 % DEBITS  |        |                                 |VE  0623|20230607|VENTE NECTAR FRAISE         |0000000000,00|0000000000,08|  |        |20240331|||
VE  |VE11|00000074|20230607|41100000|CLIENTS A 5.5%              |41104752|U EXPRESS MONTEUX                |VE  0623|20230607|NECTAR FRAISE+JUS MU        |0000000148,48|0000000000,00|  |        |20240331|||
VE  |VE11|00000075|20230607|70100000|VENTE NECTAR DE FRAISE      |        |                                 |VE  0623|20230607|VENTE NECTAR FRAISE         |0000000000,00|0000000052,20|  |        |20240331|||
VE  |VE11|00000075|20230607|44571200|TVA COLLECTEE 5,5 % DEBITS  |        |                                 |VE  0623|20230607|VENTE NECTAR FRAISE         |0000000000,00|0000000002,87|  |        |20240331|||
VE  |VE11|00000075|20230607|70800100|TAXE BOISSONS SUCREES REFACT|        |                                 |VE  0623|20230607|VENTE NECTAR FRAISE         |0000000000,00|0000000000,93|  |        |20240331|||
VE  |VE11|00000075|20230607|44571200|TVA COLLECTEE 5,5 % DEBITS  |        |                                 |VE  0623|20230607|VENTE NECTAR FRAISE         |0000000000,00|0000000000,05|  |        |20240331|||
VE  |VE11|00000075|20230607|41100000|CLIENTS A 5.5%              |41101309|DELICIEUSE FRAISE                |VE  0623|20230607|VENTE NECTAR FRAISE         |0000000056,05|0000000000,00|  |        |20240331|||
VE  |VE11|00000076|20230608|70100000|VENTE NECTAR DE FRAISE      |        |                                 |VE  0623|20230608|VENTE NECTAR FRAISE         |0000000000,00|0000000382,80|  |        |20240331|||
VE  |VE11|00000076|20230608|44571200|TVA COLLECTEE 5,5 % DEBITS  |        |                                 |VE  0623|20230608|VENTE NECTAR FRAISE         |0000000000,00|0000000021,05|  |        |20240331|||
VE  |VE11|00000076|20230608|70100100|VENTE PUR JUS MUSCAT HAMBOUR|        |                                 |VE  0623|20230608|PUR JUS MUSCAT HAMBO        |0000000000,00|0000000052,20|  |        |20240331|||
VE  |VE11|00000076|20230608|44571200|TVA COLLECTEE 5,5 % DEBITS  |        |                                 |VE  0623|20230608|VENTE NECTAR FRAISE         |0000000000,00|0000000002,87|  |        |20240331|||
VE  |VE11|00000076|20230608|70800100|TAXE BOISSONS SUCREES REFACT|        |                                 |VE  0623|20230608|VENTE NECTAR FRAISE         |0000000000,00|0000000006,79|  |        |20240331|||
VE  |VE11|00000076|20230608|44571200|TVA COLLECTEE 5,5 % DEBITS  |        |                                 |VE  0623|20230608|VENTE NECTAR FRAISE         |0000000000,00|0000000000,38|  |        |20240331|||
VE  |VE11|00000076|20230608|41100000|CLIENTS A 5.5%              |41102430|JARDIN DES PAPES                 |VE  0623|20230608|NECTAR FRAISE+JUS MU        |0000000466,09|0000000000,00|  |        |20240331|||
VE  |VE11|00000077|20230614|70100000|VENTE NECTAR DE FRAISE      |        |                                 |VE  0623|20230614|VENTE NECTAR FRAISE         |0000000000,00|0000000052,20|  |        |20240331|||
VE  |VE11|00000077|20230614|44571200|TVA COLLECTEE 5,5 % DEBITS  |        |                                 |VE  0623|20230614|VENTE NECTAR FRAISE         |0000000000,00|0000000002,87|  |        |20240331|||
VE  |VE11|00000077|20230614|70800100|TAXE BOISSONS SUCREES REFACT|        |                                 |VE  0623|20230614|VENTE NECTAR FRAISE         |0000000000,00|0000000000,93|  |        |20240331|||
VE  |VE11|00000077|20230614|44571200|TVA COLLECTEE 5,5 % DEBITS  |        |                                 |VE  0623|20230614|VENTE NECTAR FRAISE         |0000000000,00|0000000000,05|  |        |20240331|||
VE  |VE11|00000077|20230614|41100000|CLIENTS A 5.5%              |41104755|U EXPRESS SAINT SA               |VE  0623|20230614|VENTE NECTAR FRAISE         |0000000056,05|0000000000,00|  |        |20240331|||
VE  |VE11|00000078|20230615|70100000|VENTE NECTAR DE FRAISE      |        |                                 |VE  0623|20230615|VENTE NECTAR FRAISE         |0000000000,00|0000000208,80|  |        |20240331|||
VE  |VE11|00000078|20230615|44571200|TVA COLLECTEE 5,5 % DEBITS  |        |                                 |VE  0623|20230615|VENTE NECTAR FRAISE         |0000000000,00|0000000011,48|  |        |20240331|||
VE  |VE11|00000078|20230615|70100100|VENTE PUR JUS MUSCAT HAMBOUR|        |                                 |VE  0623|20230615|PUR JUS MUSCAT HAMBO        |0000000000,00|0000000052,20|  |        |20240331|||
VE  |VE11|00000078|20230615|44571200|TVA COLLECTEE 5,5 % DEBITS  |        |                                 |VE  0623|20230615|VENTE NECTAR FRAISE         |0000000000,00|0000000002,87|  |        |20240331|||
VE  |VE11|00000078|20230615|70800100|TAXE BOISSONS SUCREES REFACT|        |                                 |VE  0623|20230615|VENTE NECTAR FRAISE         |0000000000,00|0000000003,70|  |        |20240331|||
VE  |VE11|00000078|20230615|44571200|TVA COLLECTEE 5,5 % DEBITS  |        |                                 |VE  0623|20230615|VENTE NECTAR FRAISE         |0000000000,00|0000000000,21|  |        |20240331|||
VE  |VE11|00000078|20230615|41100000|CLIENTS A 5.5%              |41102430|JARDIN DES PAPES                 |VE  0623|20230615|NECTAR FRAISE+JUS MU        |0000000279,26|0000000000,00|  |        |20240331|||
VE  |VE11|00000079|20230619|70100000|VENTE NECTAR DE FRAISE      |        |                                 |VE  0623|20230619|VENTE NECTAR FRAISE         |0000000000,00|0000000052,20|  |        |20240331|||
VE  |VE11|00000079|20230619|44571200|TVA COLLECTEE 5,5 % DEBITS  |        |                                 |VE  0623|20230619|VENTE NECTAR FRAISE         |0000000000,00|0000000002,87|  |        |20240331|||
VE  |VE11|00000079|20230619|70100100|VENTE PUR JUS MUSCAT HAMBOUR|        |                                 |VE  0623|20230619|PUR JUS MUSCAT HAMBO        |0000000000,00|0000000034,80|  |        |20240331|||
VE  |VE11|00000079|20230619|44571200|TVA COLLECTEE 5,5 % DEBITS  |        |                                 |VE  0623|20230619|VENTE NECTAR FRAISE         |0000000000,00|0000000001,91|  |        |20240331|||
VE  |VE11|00000079|20230619|70800100|TAXE BOISSONS SUCREES REFACT|        |                                 |VE  0623|20230619|VENTE NECTAR FRAISE         |0000000000,00|0000000000,93|  |        |20240331|||
VE  |VE11|00000079|20230619|44571200|TVA COLLECTEE 5,5 % DEBITS  |        |                                 |VE  0623|20230619|VENTE NECTAR FRAISE         |0000000000,00|0000000000,05|  |        |20240331|||
VE  |VE11|00000079|20230619|41100000|CLIENTS A 5.5%              |41100735|CAPL                             |VE  0623|20230619|NECTAR FRAISE+ JUS M        |0000000092,76|0000000000,00|AA|20230626|20240331|||
VE  |VE11|00000080|20230619|70100000|VENTE NECTAR DE FRAISE      |        |                                 |VE  0623|20230619|VENTE NECTAR FRAISE         |0000000000,00|0000000139,20|  |        |20240331|||
VE  |VE11|00000080|20230619|44571200|TVA COLLECTEE 5,5 % DEBITS  |        |                                 |VE  0623|20230619|VENTE NECTAR FRAISE         |0000000000,00|0000000007,65|  |        |20240331|||
VE  |VE11|00000080|20230619|70800100|TAXE BOISSONS SUCREES REFACT|        |                                 |VE  0623|20230619|VENTE NECTAR FRAISE         |0000000000,00|0000000002,47|  |        |20240331|||
VE  |VE11|00000080|20230619|44571200|TVA COLLECTEE 5,5 % DEBITS  |        |                                 |VE  0623|20230619|VENTE NECTAR FRAISE         |0000000000,00|0000000000,14|  |        |20240331|||
VE  |VE11|00000080|20230619|41100000|CLIENTS A 5.5%              |41104746|U EXPRESS CAUMONT                |VE  0623|20230619|VENTE NECTAR FRAISE         |0000000149,46|0000000000,00|  |        |20240331|||
VE  |VE11|00000081|20230621|70100200|GASPACHO TOMATES ANCIENNES  |        |                                 |VE  0623|20230621|GASPACHO TOMATES ANC        |0000000000,00|0000000630,00|  |        |20240331|||
VE  |VE11|00000081|20230621|44571200|TVA COLLECTEE 5,5 % DEBITS  |        |                                 |VE  0623|20230621|GASPACHO TOMATES ANC        |0000000000,00|0000000034,65|  |        |20240331|||
VE  |VE11|00000081|20230621|41100000|CLIENTS A 5.5%              |41101591|E.LECLERC APT                    |VE  0623|20230621|GASPACHO TOMATES ANC        |0000000664,65|0000000000,00|  |        |20240331|||
VE  |VE11|00000082|20230623|70100200|GASPACHO TOMATES ANCIENNES  |        |                                 |VE  0623|20230623|GASPACHO TOMATES ANC        |0000000000,00|0000001774,08|  |        |20240331|||
VE  |VE11|00000082|20230623|44571200|TVA COLLECTEE 5,5 % DEBITS  |        |                                 |VE  0623|20230623|GASPACHO TOMATES ANC        |0000000000,00|0000000097,57|  |        |20240331|||
VE  |VE11|00000082|20230623|41100000|CLIENTS A 5.5%              |41102106|GROUPE RICAUD PROV               |VE  0623|20230623|GASPACHO TOMATES ANC        |0000001871,65|0000000000,00|  |        |20240331|||
VE  |VE11|00000083|20230623|70100000|VENTE NECTAR DE FRAISE      |        |                                 |VE  0623|20230623|VENTE NECTAR FRAISE         |0000000000,00|0000000261,00|  |        |20240331|||
VE  |VE11|00000083|20230623|44571200|TVA COLLECTEE 5,5 % DEBITS  |        |                                 |VE  0623|20230623|VENTE NECTAR FRAISE         |0000000000,00|0000000014,36|  |        |20240331|||
VE  |VE11|00000083|20230623|70800100|TAXE BOISSONS SUCREES REFACT|        |                                 |VE  0623|20230623|VENTE NECTAR FRAISE         |0000000000,00|0000000004,63|  |        |20240331|||
VE  |VE11|00000083|20230623|44571200|TVA COLLECTEE 5,5 % DEBITS  |        |                                 |VE  0623|20230623|VENTE NECTAR FRAISE         |0000000000,00|0000000000,25|  |        |20240331|||
VE  |VE11|00000083|20230623|41100000|CLIENTS A 5.5%              |41100540|BOURGOIN DISTRIBUT               |VE  0623|20230623|VENTE NECTAR FRAISE         |0000000280,24|0000000000,00|  |        |20240331|||
VE  |VE11|00000084|20230623|70100000|VENTE NECTAR DE FRAISE      |        |                                 |VE  0623|20230623|VENTE NECTAR FRAISE         |0000000000,00|0000000087,00|  |        |20240331|||
VE  |VE11|00000084|20230623|44571200|TVA COLLECTEE 5,5 % DEBITS  |        |                                 |VE  0623|20230623|VENTE NECTAR FRAISE         |0000000000,00|0000000004,79|  |        |20240331|||
VE  |VE11|00000084|20230623|70800100|TAXE BOISSONS SUCREES REFACT|        |                                 |VE  0623|20230623|VENTE NECTAR FRAISE         |0000000000,00|0000000001,54|  |        |20240331|||
VE  |VE11|00000084|20230623|44571200|TVA COLLECTEE 5,5 % DEBITS  |        |                                 |VE  0623|20230623|VENTE NECTAR FRAISE         |0000000000,00|0000000000,08|  |        |20240331|||
VE  |VE11|00000084|20230623|41100000|CLIENTS A 5.5%              |41102985|LOU MISTRAOU                     |VE  0623|20230623|VENTE NECTAR FRAISE         |0000000093,41|0000000000,00|  |        |20240331|||
VE  |VE11|00000085|20230627|70100000|VENTE NECTAR DE FRAISE      |        |                                 |VE  0623|20230627|VENTE NECTAR FRAISE         |0000000000,00|0000000052,20|  |        |20240331|||
VE  |VE11|00000085|20230627|44571200|TVA COLLECTEE 5,5 % DEBITS  |        |                                 |VE  0623|20230627|VENTE NECTAR FRAISE         |0000000000,00|0000000002,87|  |        |20240331|||
VE  |VE11|00000085|20230627|70100200|GASPACHO TOMATES ANCIENNES  |        |                                 |VE  0623|20230627|GASPACHO TOMATES ANC        |0000000000,00|0000000063,00|  |        |20240331|||
VE  |VE11|00000085|20230627|44571200|TVA COLLECTEE 5,5 % DEBITS  |        |                                 |VE  0623|20230627|VENTE NECTAR FRAISE         |0000000000,00|0000000003,46|  |        |20240331|||
VE  |VE11|00000085|20230627|70800100|TAXE BOISSONS SUCREES REFACT|        |                                 |VE  0623|20230627|VENTE NECTAR FRAISE         |0000000000,00|0000000000,93|  |        |20240331|||
VE  |VE11|00000085|20230627|44571200|TVA COLLECTEE 5,5 % DEBITS  |        |                                 |VE  0623|20230627|VENTE NECTAR FRAISE         |0000000000,00|0000000000,05|  |        |20240331|||
VE  |VE11|00000085|20230627|41100000|CLIENTS A 5.5%              |41102785|LES DELICES DU JAR               |VE  0623|20230627|NECTAR FRAISE+GASPAC        |0000000122,51|0000000000,00|  |        |20240331|||
VE  |VE11|00000086|20230628|70100200|GASPACHO TOMATES ANCIENNES  |        |                                 |VE  0623|20230628|GASPACHO TOMATES ANC        |0000000000,00|0000000126,00|  |        |20240331|||
VE  |VE11|00000086|20230628|44571200|TVA COLLECTEE 5,5 % DEBITS  |        |                                 |VE  0623|20230628|GASPACHO TOMATES ANC        |0000000000,00|0000000006,93|  |        |20240331|||
VE  |VE11|00000086|20230628|41100000|CLIENTS A 5.5%              |41102620|LA HALLE DES PRODU               |VE  0623|20230628|GASPACHO TOMATES ANC        |0000000132,93|0000000000,00|  |        |20240331|||
VE  |VE11|00000087|20230628|70100000|VENTE NECTAR DE FRAISE      |        |                                 |VE  0623|20230628|VENTE NECTAR FRAISE         |0000000000,00|0000000174,00|  |        |20240331|||
VE  |VE11|00000087|20230628|44571200|TVA COLLECTEE 5,5 % DEBITS  |        |                                 |VE  0623|20230628|VENTE NECTAR FRAISE         |0000000000,00|0000000009,57|  |        |20240331|||
VE  |VE11|00000087|20230628|70800100|TAXE BOISSONS SUCREES REFACT|        |                                 |VE  0623|20230628|VENTE NECTAR FRAISE         |0000000000,00|0000000003,09|  |        |20240331|||
VE  |VE11|00000087|20230628|44571200|TVA COLLECTEE 5,5 % DEBITS  |        |                                 |VE  0623|20230628|VENTE NECTAR FRAISE         |0000000000,00|0000000000,17|  |        |20240331|||
VE  |VE11|00000087|20230628|41100000|CLIENTS A 5.5%              |41102620|LA HALLE DES PRODU               |VE  0623|20230628|VENTE NECTAR FRAISE         |0000000186,83|0000000000,00|  |        |20240331|||
VE  |VE11|00000088|20230628|70100000|VENTE NECTAR DE FRAISE      |        |                                 |VE  0623|20230628|VENTE NECTAR FRAISE         |0000000000,00|0000000348,00|  |        |20240331|||
VE  |VE11|00000088|20230628|44571200|TVA COLLECTEE 5,5 % DEBITS  |        |                                 |VE  0623|20230628|VENTE NECTAR FRAISE         |0000000000,00|0000000019,14|  |        |20240331|||
VE  |VE11|00000088|20230628|70100200|GASPACHO TOMATES ANCIENNES  |        |                                 |VE  0623|20230628|GASPACHO TOMATES ANC        |0000000000,00|0000000063,00|  |        |20240331|||
VE  |VE11|00000088|20230628|44571200|TVA COLLECTEE 5,5 % DEBITS  |        |                                 |VE  0623|20230628|VENTE NECTAR FRAISE         |0000000000,00|0000000003,47|  |        |20240331|||
VE  |VE11|00000088|20230628|70800100|TAXE BOISSONS SUCREES REFACT|        |                                 |VE  0623|20230628|VENTE NECTAR FRAISE         |0000000000,00|0000000006,17|  |        |20240331|||
VE  |VE11|00000088|20230628|44571200|TVA COLLECTEE 5,5 % DEBITS  |        |                                 |VE  0623|20230628|VENTE NECTAR FRAISE         |0000000000,00|0000000000,34|  |        |20240331|||
VE  |VE11|00000088|20230628|41100000|CLIENTS A 5.5%              |41104250|SARL LES JARDINS D               |VE  0623|20230628|NECTAR FRAISE + GASP        |0000000440,12|0000000000,00|  |        |20240331|||
C1  |TR21|00000089|20230103|62700000|SERVICES BANCAIRES ET ASSIMI|        |                                 |C1  0123|20230103|COMMISSION MOUVEMENT        |0000000010,00|0000000000,00|  |        |20240331|||
C1  |TR21|00000089|20230103|51250000|BANQUE CREDIT AGRICOLE      |        |                                 |C1  0123|20230103|COMMISSION MOUVEMENT        |0000000000,00|0000000010,00|  |        |20240331|||
C1  |TR21|00000090|20230103|41100000|CLIENTS A 5.5%              |41104249|SADO ITM SORGUES                 |C1  0123|20230103|SADO ITM SORGUES            |0000000000,00|0000000148,14|AA|20230103|20240331|||
C1  |TR21|00000090|20230103|51250000|BANQUE CREDIT AGRICOLE      |        |                                 |C1  0123|20230103|SADO ITM SORGUES            |0000000148,14|0000000000,00|  |        |20240331|||
C1  |TR21|00000091|20230106|61600000|PRIMES D'ASSURANCE          |        |                                 |C1  0123|20230106|GENERALI IARD               |0000000045,43|0000000000,00|  |        |20240331|||
C1  |TR21|00000091|20230106|51250000|BANQUE CREDIT AGRICOLE      |        |                                 |C1  0123|20230106|GENERALI IARD               |0000000000,00|0000000045,43|  |        |20240331|||
C1  |TR21|00000092|20230109|41100000|CLIENTS A 5.5%              |41101589|E LECLERC ARLES                  |C1  0123|20230109|LECLERC ARLES               |0000000000,00|0000000360,84|AA|20230428|20240331|||
C1  |TR21|00000092|20230109|51250000|BANQUE CREDIT AGRICOLE      |        |                                 |C1  0123|20230109|LECLERC ARLES               |0000000360,84|0000000000,00|  |        |20240331|||
C1  |TR21|00000093|20230109|62700000|SERVICES BANCAIRES ET ASSIMI|        |                                 |C1  0123|20230109|TENUE DE COMPTE             |0000000023,00|0000000000,00|  |        |20240331|||
C1  |TR21|00000093|20230109|51250000|BANQUE CREDIT AGRICOLE      |        |                                 |C1  0123|20230109|TENUE DE COMPTE             |0000000000,00|0000000023,00|  |        |20240331|||
C1  |TR21|00000094|20230202|62700000|SERVICES BANCAIRES ET ASSIMI|        |                                 |C1  0223|20230202|COMMISSION MOUVEMENT        |0000000010,00|0000000000,00|  |        |20240331|||
C1  |TR21|00000094|20230202|51250000|BANQUE CREDIT AGRICOLE      |        |                                 |C1  0223|20230202|COMMISSION MOUVEMENT        |0000000000,00|0000000010,00|  |        |20240331|||
C1  |TR21|00000095|20230206|61600000|PRIMES D'ASSURANCE          |        |                                 |C1  0223|20230206|GENERALI IARD               |0000000045,43|0000000000,00|  |        |20240331|||
C1  |TR21|00000095|20230206|51250000|BANQUE CREDIT AGRICOLE      |        |                                 |C1  0223|20230206|GENERALI IARD               |0000000000,00|0000000045,43|  |        |20240331|||
C1  |TR21|00000096|20230210|62700000|SERVICES BANCAIRES ET ASSIMI|        |                                 |C1  0223|20230210|TENUE DE COMPTE             |0000000023,00|0000000000,00|  |        |20240331|||
C1  |TR21|00000096|20230210|51250000|BANQUE CREDIT AGRICOLE      |        |                                 |C1  0223|20230210|TENUE DE COMPTE             |0000000000,00|0000000023,00|  |        |20240331|||
C1  |TR21|00000097|20230302|62700000|SERVICES BANCAIRES ET ASSIMI|        |                                 |C1  0323|20230302|COMMISSION MOUVEMENT        |0000000010,00|0000000000,00|  |        |20240331|||
C1  |TR21|00000097|20230302|51250000|BANQUE CREDIT AGRICOLE      |        |                                 |C1  0323|20230302|COMMISSION MOUVEMENT        |0000000000,00|0000000010,00|  |        |20240331|||
C1  |TR21|00000098|20230310|62700000|SERVICES BANCAIRES ET ASSIMI|        |                                 |C1  0323|20230310|TENUE DE COMPTE             |0000000023,00|0000000000,00|  |        |20240331|||
C1  |TR21|00000098|20230310|51250000|BANQUE CREDIT AGRICOLE      |        |                                 |C1  0323|20230310|TENUE DE COMPTE             |0000000000,00|0000000023,00|  |        |20240331|||
C1  |TR21|00000099|20230310|61600000|PRIMES D'ASSURANCE          |        |                                 |C1  0323|20230310|GENERALI IARD               |0000000045,43|0000000000,00|  |        |20240331|||
C1  |TR21|00000099|20230310|51250000|BANQUE CREDIT AGRICOLE      |        |                                 |C1  0323|20230310|GENERALI IARD               |0000000000,00|0000000045,43|  |        |20240331|||
C1  |TR21|00000100|20230313|41100000|CLIENTS A 5.5%              |41101745|FINISTERESTES29                  |C1  0323|20230313|FINISTERESTES29             |0000000000,00|0000005776,69|AA|20230313|20240331|||
C1  |TR21|00000100|20230313|51250000|BANQUE CREDIT AGRICOLE      |        |                                 |C1  0323|20230313|FINISTERESTES29             |0000005776,69|0000000000,00|  |        |20240331|||
C1  |TR21|00000101|20230322|41100000|CLIENTS A 5.5%              |41104752|U EXPRESS MONTEUX                |C1  0323|20230322|U EXPRESS MONTEUX           |0000000000,00|0000000229,16|AA|20230322|20240331|||
C1  |TR21|00000101|20230322|51250000|BANQUE CREDIT AGRICOLE      |        |                                 |C1  0323|20230322|U EXPRESS MONTEUX           |0000000229,16|0000000000,00|  |        |20240331|||
C1  |TR21|00000102|20230322|41100000|CLIENTS A 5.5%              |41104752|U EXPRESS MONTEUX                |C1  0323|20230322|U EXPRESS MONTEUX           |0000000000,00|0000000111,42|AB|20230322|20240331|||
C1  |TR21|00000102|20230322|51250000|BANQUE CREDIT AGRICOLE      |        |                                 |C1  0323|20230322|U EXPRESS MONTEUX           |0000000111,42|0000000000,00|  |        |20240331|||
C1  |TR21|00000103|20230322|41100000|CLIENTS A 5.5%              |41101745|FINISTERESTES29                  |C1  0323|20230322|FINISTERESTES29             |0000000000,00|0000000837,94|AB|20230322|20240331|||
C1  |TR21|00000103|20230322|51250000|BANQUE CREDIT AGRICOLE      |        |                                 |C1  0323|20230322|FINISTERESTES29             |0000000837,94|0000000000,00|  |        |20240331|||
C1  |TR21|00000104|20230403|62700000|SERVICES BANCAIRES ET ASSIMI|        |                                 |C1  0423|20230403|COMMISSION MOUVEMENT        |0000000010,00|0000000000,00|  |        |20240331|||
C1  |TR21|00000104|20230403|51250000|BANQUE CREDIT AGRICOLE      |        |                                 |C1  0423|20230403|COMMISSION MOUVEMENT        |0000000000,00|0000000010,00|  |        |20240331|||
C1  |TR21|00000105|20230405|61600000|PRIMES D'ASSURANCE          |        |                                 |C1  0423|20230405|GENERALI IARD               |0000000045,43|0000000000,00|  |        |20240331|||
C1  |TR21|00000105|20230405|51250000|BANQUE CREDIT AGRICOLE      |        |                                 |C1  0423|20230405|GENERALI IARD               |0000000000,00|0000000045,43|  |        |20240331|||
C1  |TR21|00000106|20230411|62700000|SERVICES BANCAIRES ET ASSIMI|        |                                 |C1  0423|20230411|TENUE DE COMPTE             |0000000023,00|0000000000,00|  |        |20240331|||
C1  |TR21|00000106|20230411|51250000|BANQUE CREDIT AGRICOLE      |        |                                 |C1  0423|20230411|TENUE DE COMPTE             |0000000000,00|0000000023,00|  |        |20240331|||
C1  |TR21|00000107|20230413|41100000|CLIENTS A 5.5%              |41101765|FLEUR DES SABLES                 |C1  0423|20230413|LA FLEUR DES SABLES         |0000000000,00|0000000448,20|AA|20230413|20240331|||
C1  |TR21|00000107|20230413|51250000|BANQUE CREDIT AGRICOLE      |        |                                 |C1  0423|20230413|LA FLEUR DES SABLES         |0000000448,20|0000000000,00|  |        |20240331|||
C1  |TR21|00000108|20230413|41100000|CLIENTS A 5.5%              |41104251|SAS CHAMP DES GARR               |C1  0423|20230413|SAS CHAMP DES GARRIG        |0000000000,00|0000000336,19|AA|20230413|20240331|||
C1  |TR21|00000108|20230413|51250000|BANQUE CREDIT AGRICOLE      |        |                                 |C1  0423|20230413|SAS CHAMP DES GARRIG        |0000000336,19|0000000000,00|  |        |20240331|||
C1  |TR21|00000109|20230413|41100000|CLIENTS A 5.5%              |41101765|FLEUR DES SABLES                 |C1  0423|20230413|LA FLEUR DES SABLES         |0000000000,00|0000000186,77|AB|20230413|20240331|||
C1  |TR21|00000109|20230413|51250000|BANQUE CREDIT AGRICOLE      |        |                                 |C1  0423|20230413|LA FLEUR DES SABLES         |0000000186,77|0000000000,00|  |        |20240331|||
C1  |TR21|00000110|20230414|41100000|CLIENTS A 5.5%              |41104070|RIPERT ET FILS                   |C1  0423|20230414|RIPERT ET FILS              |0000000000,00|0000000137,05|AA|20230414|20240331|||
C1  |TR21|00000110|20230414|51250000|BANQUE CREDIT AGRICOLE      |        |                                 |C1  0423|20230414|RIPERT ET FILS              |0000000137,05|0000000000,00|  |        |20240331|||
C1  |TR21|00000111|20230414|41100000|CLIENTS A 5.5%              |41104070|RIPERT ET FILS                   |C1  0423|20230414|RIPERT ET FILS              |0000000000,00|0000000233,59|AB|20230414|20240331|||
C1  |TR21|00000111|20230414|51250000|BANQUE CREDIT AGRICOLE      |        |                                 |C1  0423|20230414|RIPERT ET FILS              |0000000233,59|0000000000,00|  |        |20240331|||
C1  |TR21|00000112|20230428|41100000|CLIENTS A 5.5%              |41101589|E LECLERC ARLES                  |C1  0423|20230428|LECLERC ARLES               |0000000000,00|0000000368,77|AA|20230428|20240331|||
C1  |TR21|00000112|20230428|51250000|BANQUE CREDIT AGRICOLE      |        |                                 |C1  0423|20230428|LECLERC ARLES               |0000000368,77|0000000000,00|  |        |20240331|||
C1  |TR21|00000113|20230502|40100000|FOURNISSEURS A 20.0%        |40107620|LAPOSTE                          |C1  0523|20230502|LA POSTE                    |0000000038,85|0000000000,00|AC|20230502|20240331|||
C1  |TR21|00000113|20230502|51250000|BANQUE CREDIT AGRICOLE      |        |                                 |C1  0523|20230502|LA POSTE                    |0000000000,00|0000000038,85|  |        |20240331|||
C1  |TR21|00000114|20230502|41100000|CLIENTS A 5.5%              |41100736|CAVE TERRA VENTOUX               |C1  0523|20230502|CAVE TERRA VENTOUX          |0000000000,00|0000000503,27|AA|20230502|20240331|||
C1  |TR21|00000114|20230502|51250000|BANQUE CREDIT AGRICOLE      |        |                                 |C1  0523|20230502|CAVE TERRA VENTOUX          |0000000503,27|0000000000,00|  |        |20240331|||
C1  |TR21|00000115|20230503|62700000|SERVICES BANCAIRES ET ASSIMI|        |                                 |C1  0523|20230503|COMMISSION MOUVEMENT        |0000000010,00|0000000000,00|  |        |20240331|||
C1  |TR21|00000115|20230503|51250000|BANQUE CREDIT AGRICOLE      |        |                                 |C1  0523|20230503|COMMISSION MOUVEMENT        |0000000000,00|0000000010,00|  |        |20240331|||
C1  |TR21|00000116|20230503|41100000|CLIENTS A 5.5%              |41101591|E.LECLERC APT                    |C1  0523|20230503|LECLERC APT                 |0000000000,00|0000000560,32|AA|20230503|20240331|||
C1  |TR21|00000116|20230503|51250000|BANQUE CREDIT AGRICOLE      |        |                                 |C1  0523|20230503|LECLERC APT                 |0000000560,32|0000000000,00|  |        |20240331|||
C1  |TR21|00000117|20230505|61600000|PRIMES D'ASSURANCE          |        |                                 |C1  0523|20230505|GENERALI IARD               |0000000045,43|0000000000,00|  |        |20240331|||
C1  |TR21|00000117|20230505|51250000|BANQUE CREDIT AGRICOLE      |        |                                 |C1  0523|20230505|GENERALI IARD               |0000000000,00|0000000045,43|  |        |20240331|||
C1  |TR21|00000118|20230509|40100000|FOURNISSEURS A 20.0%        |40108995|RESTO                            |C1  0523|20230509|EL MERKADO NICE 05/0        |0000000045,50|0000000000,00|AA|20230509|20240331|||
C1  |TR21|00000118|20230509|51250000|BANQUE CREDIT AGRICOLE      |        |                                 |C1  0523|20230509|EL MERKADO NICE 05/0        |0000000000,00|0000000045,50|  |        |20240331|||
C1  |TR21|00000119|20230509|62510000|VOYAGES ET DEPLACEMENTS     |        |                                 |C1  0523|20230509|HOTEL MONSIGNY NICE         |0000000031,00|0000000000,00|  |        |20240331|||
C1  |TR21|00000119|20230509|51250000|BANQUE CREDIT AGRICOLE      |        |                                 |C1  0523|20230509|HOTEL MONSIGNY NICE         |0000000000,00|0000000031,00|  |        |20240331|||
C1  |TR21|00000120|20230509|62510000|VOYAGES ET DEPLACEMENTS     |        |                                 |C1  0523|20230509|HOTEL MONSIGNY NICE         |0000000028,00|0000000000,00|  |        |20240331|||
C1  |TR21|00000120|20230509|51250000|BANQUE CREDIT AGRICOLE      |        |                                 |C1  0523|20230509|HOTEL MONSIGNY NICE         |0000000000,00|0000000028,00|  |        |20240331|||
C1  |TR21|00000121|20230509|40100000|FOURNISSEURS A 20.0%        |40107337|HOTEL                            |C1  0523|20230509|HOTEL MONSIGNY NICE         |0000000200,02|0000000000,00|AA|20230509|20240331|||
C1  |TR21|00000121|20230509|51250000|BANQUE CREDIT AGRICOLE      |        |                                 |C1  0523|20230509|HOTEL MONSIGNY NICE         |0000000000,00|0000000200,02|  |        |20240331|||
C1  |TR21|00000122|20230510|62700000|SERVICES BANCAIRES ET ASSIMI|        |                                 |C1  0523|20230510|TENUE DE COMPTE             |0000000023,00|0000000000,00|  |        |20240331|||
C1  |TR21|00000122|20230510|51250000|BANQUE CREDIT AGRICOLE      |        |                                 |C1  0523|20230510|TENUE DE COMPTE             |0000000000,00|0000000023,00|  |        |20240331|||
C1  |TR21|00000123|20230510|41100000|CLIENTS A 5.5%              |41104250|SARL LES JARDINS D               |C1  0523|20230510|SAS LES JARDINS DE L        |0000000000,00|0000000371,94|  |        |20240331|||
C1  |TR21|00000123|20230510|51250000|BANQUE CREDIT AGRICOLE      |        |                                 |C1  0523|20230510|SAS LES JARDINS DE L        |0000000371,94|0000000000,00|  |        |20240331|||
C1  |TR21|00000124|20230510|41100000|CLIENTS A 5.5%              |41104752|U EXPRESS MONTEUX                |C1  0523|20230510|U EXPRESS MONTEUX           |0000000000,00|0000000280,24|AC|20230510|20240331|||
C1  |TR21|00000124|20230510|51250000|BANQUE CREDIT AGRICOLE      |        |                                 |C1  0523|20230510|U EXPRESS MONTEUX           |0000000280,24|0000000000,00|  |        |20240331|||
C1  |TR21|00000125|20230510|41100000|CLIENTS A 5.5%              |41102419|ITM SARRIANS                     |C1  0523|20230510|ITM SARRIANS                |0000000000,00|0000000093,38|AA|20230510|20240331|||
C1  |TR21|00000125|20230510|51250000|BANQUE CREDIT AGRICOLE      |        |                                 |C1  0523|20230510|ITM SARRIANS                |0000000093,38|0000000000,00|  |        |20240331|||
C1  |TR21|00000126|20230510|41100000|CLIENTS A 5.5%              |41104754|U EXPRESS ALTHEN L               |C1  0523|20230510|U EXPRESS ALTHEN LES        |0000000000,00|0000000185,17|AA|20230510|20240331|||
C1  |TR21|00000126|20230510|51250000|BANQUE CREDIT AGRICOLE      |        |                                 |C1  0523|20230510|U EXPRESS ALTHEN LES        |0000000185,17|0000000000,00|  |        |20240331|||
C1  |TR21|00000127|20230510|41100000|CLIENTS A 5.5%              |41102785|LES DELICES DU JAR               |C1  0523|20230510|LES DELICES DU JARDI        |0000000000,00|0000000056,04|  |        |20240331|||
C1  |TR21|00000127|20230510|51250000|BANQUE CREDIT AGRICOLE      |        |                                 |C1  0523|20230510|LES DELICES DU JARDI        |0000000056,04|0000000000,00|  |        |20240331|||
C1  |TR21|00000128|20230517|40100000|FOURNISSEURS A 20.0%        |40106255|CUPKILLER                        |C1  0523|20230517|CUPKILLER                   |0000000611,80|0000000000,00|AB|20230525|20240331|||
C1  |TR21|00000128|20230517|51250000|BANQUE CREDIT AGRICOLE      |        |                                 |C1  0523|20230517|CUPKILLER                   |0000000000,00|0000000611,80|  |        |20240331|||
C1  |TR21|00000129|20230519|41100000|CLIENTS A 5.5%              |41101591|E.LECLERC APT                    |C1  0523|20230519|sans                        |0000000000,00|0000000336,28|AB|20230519|20240331|||
C1  |TR21|00000129|20230519|51250000|BANQUE CREDIT AGRICOLE      |        |                                 |C1  0523|20230519|sans                        |0000000336,28|0000000000,00|  |        |20240331|||
C1  |TR21|00000130|20230519|40100000|FOURNISSEURS A 20.0%        |40107620|LAPOSTE                          |C1  0523|20230519|LA POSTE                    |0000000038,85|0000000000,00|AB|20230519|20240331|||
C1  |TR21|00000130|20230519|51250000|BANQUE CREDIT AGRICOLE      |        |                                 |C1  0523|20230519|LA POSTE                    |0000000000,00|0000000038,85|  |        |20240331|||
C1  |TR21|00000131|20230523|40100000|FOURNISSEURS A 20.0%        |40107785|LEROY MERLIN                     |C1  0523|20230523|LEROY MERLIN                |0000000092,59|0000000000,00|AA|20230523|20240331|||
C1  |TR21|00000131|20230523|51250000|BANQUE CREDIT AGRICOLE      |        |                                 |C1  0523|20230523|LEROY MERLIN                |0000000000,00|0000000092,59|  |        |20240331|||
C1  |TR21|00000132|20230525|41100000|CLIENTS A 5.5%              |41104680|TOCO                             |C1  0523|20230525|TOCO                        |0000000000,00|0000000074,71|AA|20230525|20240331|||
C1  |TR21|00000132|20230525|51250000|BANQUE CREDIT AGRICOLE      |        |                                 |C1  0523|20230525|TOCO                        |0000000074,71|0000000000,00|  |        |20240331|||
C1  |TR21|00000133|20230526|40100000|FOURNISSEURS A 20.0%        |40105068|AMAZON                           |C1  0523|20230526|AMAZON                      |0000000479,90|0000000000,00|AA|20230526|20240331|||
C1  |TR21|00000133|20230526|51250000|BANQUE CREDIT AGRICOLE      |        |                                 |C1  0523|20230526|AMAZON                      |0000000000,00|0000000479,90|  |        |20240331|||
C1  |TR21|00000134|20230526|41100000|CLIENTS A 5.5%              |41102786|LECLERC VALREAS                  |C1  0523|20230526|SODIVAL                     |0000000000,00|0000000296,26|AA|20230526|20240331|||
C1  |TR21|00000134|20230526|51250000|BANQUE CREDIT AGRICOLE      |        |                                 |C1  0523|20230526|SODIVAL                     |0000000296,26|0000000000,00|  |        |20240331|||
C1  |TR21|00000135|20230530|40100000|FOURNISSEURS A 20.0%        |40109670|TISSUS GREGOIRE                  |C1  0523|20230530|TISSUS GREGOIRE             |0000000103,04|0000000000,00|AA|20230530|20240331|||
C1  |TR21|00000135|20230530|51250000|BANQUE CREDIT AGRICOLE      |        |                                 |C1  0523|20230530|TISSUS GREGOIRE             |0000000000,00|0000000103,04|  |        |20240331|||
C1  |TR21|00000136|20230531|40100000|FOURNISSEURS A 20.0%        |40107050|GOBELET CUP                      |C1  0523|20230531|GOBELETCUP LE 30/05         |0000000487,64|0000000000,00|AA|20230531|20240331|||
C1  |TR21|00000136|20230531|51250000|BANQUE CREDIT AGRICOLE      |        |                                 |C1  0523|20230531|GOBELETCUP LE 30/05         |0000000000,00|0000000487,64|  |        |20240331|||
C1  |TR21|00000137|20230601|40100000|FOURNISSEURS A 20.0%        |40106765|FL PRINT                         |C1  0623|20230601|FL PRINT LE 31/05           |0000000049,26|0000000000,00|A |20230601|20240331|||
C1  |TR21|00000137|20230601|51250000|BANQUE CREDIT AGRICOLE      |        |                                 |C1  0623|20230601|FL PRINT LE 31/05           |0000000000,00|0000000049,26|  |        |20240331|||
C1  |TR21|00000138|20230602|62700000|SERVICES BANCAIRES ET ASSIMI|        |                                 |C1  0623|20230602|COMMISSION MOUVEMENT        |0000000010,00|0000000000,00|  |        |20240331|||
C1  |TR21|00000138|20230602|51250000|BANQUE CREDIT AGRICOLE      |        |                                 |C1  0623|20230602|COMMISSION MOUVEMENT        |0000000000,00|0000000010,00|  |        |20240331|||
C1  |TR21|00000139|20230605|61600000|PRIMES D'ASSURANCE          |        |                                 |C1  0623|20230605|GENERALI IARD               |0000000045,43|0000000000,00|  |        |20240331|||
C1  |TR21|00000139|20230605|51250000|BANQUE CREDIT AGRICOLE      |        |                                 |C1  0623|20230605|GENERALI IARD               |0000000000,00|0000000045,43|  |        |20240331|||
C1  |TR21|00000140|20230606|41100000|CLIENTS A 5.5%              |41100540|BOURGOIN DISTRIBUT               |C1  0623|20230606|BOURGOIN DISTRIBUTIO        |0000000000,00|0000000261,56|AA|20230606|20240331|||
C1  |TR21|00000140|20230606|51250000|BANQUE CREDIT AGRICOLE      |        |                                 |C1  0623|20230606|BOURGOIN DISTRIBUTIO        |0000000261,56|0000000000,00|  |        |20240331|||
C1  |TR21|00000141|20230608|41100000|CLIENTS A 5.5%              |41101765|FLEUR DES SABLES                 |C1  0623|20230608|LA FLEUR DES SABLES         |0000000000,00|0000000364,06|AC|20230608|20240331|||
C1  |TR21|00000141|20230608|51250000|BANQUE CREDIT AGRICOLE      |        |                                 |C1  0623|20230608|LA FLEUR DES SABLES         |0000000364,06|0000000000,00|  |        |20240331|||
C1  |TR21|00000142|20230608|41100000|CLIENTS A 5.5%              |41104070|RIPERT ET FILS                   |C1  0623|20230608|RIPERT ET FILS              |0000000000,00|0000000081,02|AC|20230608|20240331|||
C1  |TR21|00000142|20230608|51250000|BANQUE CREDIT AGRICOLE      |        |                                 |C1  0623|20230608|RIPERT ET FILS              |0000000081,02|0000000000,00|  |        |20240331|||
C1  |TR21|00000143|20230609|53000000|CAISSE                      |        |                                 |C1  0623|20230609|CAISSE                      |0000000176,00|0000000000,00|  |        |20240331|||
C1  |TR21|00000143|20230609|51250000|BANQUE CREDIT AGRICOLE      |        |                                 |C1  0623|20230609|CAISSE                      |0000000000,00|0000000176,00|  |        |20240331|||
C1  |TR21|00000144|20230609|40100000|FOURNISSEURS A 20.0%        |40109570|SUPERMARCHES                     |C1  0623|20230609|LECLERC CB 09/06            |0000000186,64|0000000000,00|AB|20230609|20240331|||
C1  |TR21|00000144|20230609|51250000|BANQUE CREDIT AGRICOLE      |        |                                 |C1  0623|20230609|LECLERC CB 09/06            |0000000000,00|0000000186,64|  |        |20240331|||
C1  |TR21|00000145|20230609|40100000|FOURNISSEURS A 20.0%        |40109570|SUPERMARCHES                     |C1  0623|20230609|ACTION CB 09/06             |0000000030,53|0000000000,00|AA|20230609|20240331|||
C1  |TR21|00000145|20230609|51250000|BANQUE CREDIT AGRICOLE      |        |                                 |C1  0623|20230609|ACTION CB 09/06             |0000000000,00|0000000030,53|  |        |20240331|||
C1  |TR21|00000146|20230609|40100000|FOURNISSEURS A 20.0%        |40109670|TISSUS GREGOIRE                  |C1  0623|20230609|TISSUS GREGOIRE CB 0        |0000000028,80|0000000000,00|AB|20230609|20240331|||
C1  |TR21|00000146|20230609|51250000|BANQUE CREDIT AGRICOLE      |        |                                 |C1  0623|20230609|TISSUS GREGOIRE CB 0        |0000000000,00|0000000028,80|  |        |20240331|||
C1  |TR21|00000147|20230609|53000000|CAISSE                      |        |                                 |C1  0623|20230609|CAISSE                      |0000000100,00|0000000000,00|  |        |20240331|||
C1  |TR21|00000147|20230609|51250000|BANQUE CREDIT AGRICOLE      |        |                                 |C1  0623|20230609|CAISSE                      |0000000000,00|0000000100,00|  |        |20240331|||
C1  |TR21|00000148|20230609|53000000|CAISSE                      |        |                                 |C1  0623|20230609|CAISSE                      |0000000200,00|0000000000,00|  |        |20240331|||
C1  |TR21|00000148|20230609|51250000|BANQUE CREDIT AGRICOLE      |        |                                 |C1  0623|20230609|CAISSE                      |0000000000,00|0000000200,00|  |        |20240331|||
C1  |TR21|00000149|20230612|62700000|SERVICES BANCAIRES ET ASSIMI|        |                                 |C1  0623|20230612|TENUE DE COMPTE             |0000000023,00|0000000000,00|  |        |20240331|||
C1  |TR21|00000149|20230612|51250000|BANQUE CREDIT AGRICOLE      |        |                                 |C1  0623|20230612|TENUE DE COMPTE             |0000000000,00|0000000023,00|  |        |20240331|||
C1  |TR21|00000150|20230616|53000000|CAISSE                      |        |                                 |C1  0623|20230616|CAISSE                      |0000000000,00|0000000625,00|  |        |20240331|||
C1  |TR21|00000150|20230616|51250000|BANQUE CREDIT AGRICOLE      |        |                                 |C1  0623|20230616|CAISSE                      |0000000625,00|0000000000,00|  |        |20240331|||
C1  |TR21|00000151|20230623|40100000|FOURNISSEURS A 20.0%        |40108880|PROVETIQ                         |C1  0623|20230623|sans                        |0000007141,76|0000000000,00|AB|20230623|20240331|||
C1  |TR21|00000151|20230623|51250000|BANQUE CREDIT AGRICOLE      |        |                                 |C1  0623|20230623|sans                        |0000000000,00|0000007141,76|  |        |20240331|||
C1  |TR21|00000152|20230623|62700000|SERVICES BANCAIRES ET ASSIMI|        |                                 |C1  0623|20230623|FRAIS VIREMENT              |0000000000,15|0000000000,00|  |        |20240331|||
C1  |TR21|00000152|20230623|51250000|BANQUE CREDIT AGRICOLE      |        |                                 |C1  0623|20230623|FRAIS VIREMENT              |0000000000,00|0000000000,15|  |        |20240331|||
C1  |TR21|00000153|20230627|41100000|CLIENTS A 5.5%              |41101311|DESTOCKPRIM                      |C1  0623|20230627|DESTOSKPRIM                 |0000000000,00|0000001635,52|AA|20230627|20240331|||
C1  |TR21|00000153|20230627|51250000|BANQUE CREDIT AGRICOLE      |        |                                 |C1  0623|20230627|DESTOSKPRIM                 |0000001635,52|0000000000,00|  |        |20240331|||
C1  |TR21|00000154|20230629|41100000|CLIENTS A 5.5%              |41104251|SAS CHAMP DES GARR               |C1  0623|20230629|CHAMP DES GARRIGUES-        |0000000000,00|0000000728,41|AF|20230629|20240331|||
C1  |TR21|00000154|20230629|51250000|BANQUE CREDIT AGRICOLE      |        |                                 |C1  0623|20230629|CHAMP DES GARRIGUES-        |0000000728,41|0000000000,00|  |        |20240331|||
C1  |TR21|00000155|20230629|41100000|CLIENTS A 5.5%              |41104751|U EXPRESS BEAUMES                |C1  0623|20230629|U EXP BEAUMES - F100        |0000000000,00|0000000093,41|AA|20230629|20240331|||
C1  |TR21|00000155|20230629|51250000|BANQUE CREDIT AGRICOLE      |        |                                 |C1  0623|20230629|U EXP BEAUMES - F100        |0000000093,41|0000000000,00|  |        |20240331|||
C1  |TR21|00000156|20230629|41100000|CLIENTS A 5.5%              |41104251|SAS CHAMP DES GARR               |C1  0623|20230629|CHAMP DES GARRIGUES-        |0000000000,00|0000000934,13|AC|20230629|20240331|||
C1  |TR21|00000156|20230629|51250000|BANQUE CREDIT AGRICOLE      |        |                                 |C1  0623|20230629|CHAMP DES GARRIGUES-        |0000000934,13|0000000000,00|  |        |20240331|||
C1  |TR21|00000157|20230629|41100000|CLIENTS A 5.5%              |41104251|SAS CHAMP DES GARR               |C1  0623|20230629|CHAMP DES GARRIGUES-        |0000000000,00|0000000784,67|AE|20230629|20240331|||
C1  |TR21|00000157|20230629|51250000|BANQUE CREDIT AGRICOLE      |        |                                 |C1  0623|20230629|CHAMP DES GARRIGUES-        |0000000784,67|0000000000,00|  |        |20240331|||
C1  |TR21|00000158|20230629|41100000|CLIENTS A 5.5%              |41104251|SAS CHAMP DES GARR               |C1  0623|20230629|CHAMP DES GARRIGUES-        |0000000000,00|0000000114,58|AB|20230629|20240331|||
C1  |TR21|00000158|20230629|51250000|BANQUE CREDIT AGRICOLE      |        |                                 |C1  0623|20230629|CHAMP DES GARRIGUES-        |0000000114,58|0000000000,00|  |        |20240331|||
C1  |TR21|00000159|20230629|41100000|CLIENTS A 5.5%              |41104070|RIPERT ET FILS                   |C1  0623|20230629|RIPERT ET FILS              |0000000000,00|0000000297,60|A |20230629|20240331|||
C1  |TR21|00000159|20230629|51250000|BANQUE CREDIT AGRICOLE      |        |                                 |C1  0623|20230629|RIPERT ET FILS              |0000000297,60|0000000000,00|  |        |20240331|||
C1  |TR21|00000160|20230629|41100000|CLIENTS A 5.5%              |41101765|FLEUR DES SABLES                 |C1  0623|20230629|FLEUR DES SABLES - F        |0000000000,00|0000000782,03|AD|20230629|20240331|||
C1  |TR21|00000160|20230629|51250000|BANQUE CREDIT AGRICOLE      |        |                                 |C1  0623|20230629|FLEUR DES SABLES - F        |0000000782,03|0000000000,00|  |        |20240331|||
C1  |TR21|00000161|20230629|41100000|CLIENTS A 5.5%              |41104251|SAS CHAMP DES GARR               |C1  0623|20230629|CHAMP DES GARRIGUES-        |0000000000,00|0000000392,33|AD|20230629|20240331|||
C1  |TR21|00000161|20230629|51250000|BANQUE CREDIT AGRICOLE      |        |                                 |C1  0623|20230629|CHAMP DES GARRIGUES-        |0000000392,33|0000000000,00|  |        |20240331|||
CA  |TR22|00000162|20230611|70100000|VENTE NECTAR DE FRAISE      |        |                                 |CA  0623|20230611|NECTAR FRAISE               |0000000000,00|0000000400,00|  |        |20240331|||
CA  |TR22|00000162|20230611|53000000|CAISSE                      |        |                                 |CA  0623|20230611|NECTAR FRAISE               |0000000400,00|0000000000,00|  |        |20240331|||
CA  |TR22|00000163|20230611|70200000|VENTE COCKTAIL              |        |                                 |CA  0623|20230611|VENTE COCKTAIL              |0000000000,00|0000000225,00|  |        |20240331|||
CA  |TR22|00000163|20230611|53000000|CAISSE                      |        |                                 |CA  0623|20230611|VENTE COCKTAIL              |0000000225,00|0000000000,00|  |        |20240331|||
CIC |TR23|00000164|20230101|62700000|SERVICES BANCAIRES ET ASSIMI|        |                                 |CIC 0123|20230101|FRAIS VIR X5                |0000000001,05|0000000000,00|  |        |20240331|||
CIC |TR23|00000164|20230101|51230000|BANQUE CIC                  |        |                                 |CIC 0123|20230101|FRAIS VIR X5                |0000000000,00|0000000001,05|  |        |20240331|||
CIC |TR23|00000165|20230116|40100000|FOURNISSEURS A 20.0%        |40107163|GS1 FRANCE                       |CIC 0123|20230116|GS1 FRANCE                  |0000000115,20|0000000000,00|  |        |20240331|||
CIC |TR23|00000165|20230116|51230000|BANQUE CIC                  |        |                                 |CIC 0123|20230116|GS1 FRANCE                  |0000000000,00|0000000115,20|  |        |20240331|||
CIC |TR23|00000166|20230206|40100000|FOURNISSEURS A 20.0%        |40108880|PROVETIQ                         |CIC 0223|20230206|PROVETIQ                    |0000000698,98|0000000000,00|AA|20230206|20240331|||
CIC |TR23|00000166|20230206|51230000|BANQUE CIC                  |        |                                 |CIC 0223|20230206|PROVETIQ                    |0000000000,00|0000000698,98|  |        |20240331|||
CIC |TR23|00000167|20230209|41100000|CLIENTS A 5.5%              |41101590|E.LECLERC CARPENTR               |CIC 0223|20230209|VIR AUZON VENTOUX           |0000000000,00|0000000074,70|AA|20230209|20240331|||
CIC |TR23|00000167|20230209|51230000|BANQUE CIC                  |        |                                 |CIC 0223|20230209|VIR AUZON VENTOUX           |0000000074,70|0000000000,00|  |        |20240331|||
CIC |TR23|00000168|20230210|41100000|CLIENTS A 5.5%              |41101050|COLRUYT RETAIL FRA               |CIC 0223|20230210|COLRUYT RETAIL FRANC        |0000000000,00|0000006581,47|AA|20230210|20240331|||
CIC |TR23|00000168|20230210|51230000|BANQUE CIC                  |        |                                 |CIC 0223|20230210|COLRUYT RETAIL FRANC        |0000006581,47|0000000000,00|  |        |20240331|||
CIC |TR23|00000169|20230220|41100000|CLIENTS A 5.5%              |41101590|E.LECLERC CARPENTR               |CIC 0223|20230220|AUZON VENTOUX               |0000000000,00|0000000148,13|AB|20230220|20240331|||
CIC |TR23|00000169|20230220|51230000|BANQUE CIC                  |        |                                 |CIC 0223|20230220|AUZON VENTOUX               |0000000148,13|0000000000,00|  |        |20240331|||
CIC |TR23|00000170|20230221|40100000|FOURNISSEURS A 20.0%        |40107270|HEXEKO                           |CIC 0223|20230221|HEXEKO                      |0000000049,86|0000000000,00|AA|20230221|20240331|||
CIC |TR23|00000170|20230221|51230000|BANQUE CIC                  |        |                                 |CIC 0223|20230221|HEXEKO                      |0000000000,00|0000000049,86|  |        |20240331|||
CIC |TR23|00000171|20230307|40100000|FOURNISSEURS A 20.0%        |40106310|DECLICEXPRO                      |CIC 0323|20230307|DECLICEXPRO - CDE230        |0000000360,00|0000000000,00|  |        |20240331|||
CIC |TR23|00000171|20230307|51230000|BANQUE CIC                  |        |                                 |CIC 0323|20230307|DECLICEXPRO - CDE230        |0000000000,00|0000000360,00|  |        |20240331|||
CIC |TR23|00000172|20230316|40100000|FOURNISSEURS A 20.0%        |40106310|DECLICEXPRO                      |CIC 0323|20230316|DECLICEXPRO - CDE230        |0000000600,00|0000000000,00|  |        |20240331|||
CIC |TR23|00000172|20230316|51230000|BANQUE CIC                  |        |                                 |CIC 0323|20230316|DECLICEXPRO - CDE230        |0000000000,00|0000000600,00|  |        |20240331|||
CIC |TR23|00000173|20230316|40100000|FOURNISSEURS A 20.0%        |40106310|DECLICEXPRO                      |CIC 0323|20230316|DECLICEXPRO - DEVIS         |0000000600,00|0000000000,00|  |        |20240331|||
CIC |TR23|00000173|20230316|51230000|BANQUE CIC                  |        |                                 |CIC 0323|20230316|DECLICEXPRO - DEVIS         |0000000000,00|0000000600,00|  |        |20240331|||
CIC |TR23|00000174|20230320|41100000|CLIENTS A 5.5%              |41101590|E.LECLERC CARPENTR               |CIC 0323|20230320|E.LECLERC CARPENTRAS        |0000000000,00|0000000112,06|AC|20230320|20240331|||
CIC |TR23|00000174|20230320|51230000|BANQUE CIC                  |        |                                 |CIC 0323|20230320|E.LECLERC CARPENTRAS        |0000000112,06|0000000000,00|  |        |20240331|||
CIC |TR23|00000175|20230321|47800000|COMPTE D'ATTENTE            |        |                                 |CIC 0323|20230321|SAS LA BULLE                |0000000500,00|0000000000,00|  |        |20240331|||
CIC |TR23|00000175|20230321|51230000|BANQUE CIC                  |        |                                 |CIC 0323|20230321|SAS LA BULLE                |0000000000,00|0000000500,00|  |        |20240331|||
CIC |TR23|00000176|20230410|62700000|SERVICES BANCAIRES ET ASSIMI|        |                                 |CIC 0423|20230410|FRAIS BANCAIRES             |0000000001,05|0000000000,00|  |        |20240331|||
CIC |TR23|00000176|20230410|51230000|BANQUE CIC                  |        |                                 |CIC 0423|20230410|FRAIS BANCAIRES             |0000000000,00|0000000001,05|  |        |20240331|||
CIC |TR23|00000177|20230411|41100000|CLIENTS A 5.5%              |41101590|E.LECLERC CARPENTR               |CIC 0423|20230411|E.LECLERC CARPENTRAS        |0000000000,00|0000000055,07|AD|20230411|20240331|||
CIC |TR23|00000177|20230411|51230000|BANQUE CIC                  |        |                                 |CIC 0423|20230411|E.LECLERC CARPENTRAS        |0000000055,07|0000000000,00|  |        |20240331|||
CIC |TR23|00000178|20230413|41100000|CLIENTS A 5.5%              |41104750|U UTILE SAINT PIER               |CIC 0423|20230413|U UTILE SAINT PIERRE        |0000000000,00|0000000037,35|AA|20230413|20240331|||
CIC |TR23|00000178|20230413|51230000|BANQUE CIC                  |        |                                 |CIC 0423|20230413|U UTILE SAINT PIERRE        |0000000037,35|0000000000,00|  |        |20240331|||
CIC |TR23|00000179|20230426|44551000|TVA A DECAISSER             |        |                                 |CIC 0423|20230426|TVA 03/2023                 |0000000147,00|0000000000,00|AA|20230426|20240331|||
CIC |TR23|00000179|20230426|51230000|BANQUE CIC                  |        |                                 |CIC 0423|20230426|TVA 03/2023                 |0000000000,00|0000000147,00|  |        |20240331|||
CIC |TR23|00000180|20230503|40100000|FOURNISSEURS A 20.0%        |40109251|SAS GROUPE RICAUD                |CIC 0523|20230503|SAS GROUPE RICAUD PR        |0000003743,31|0000000000,00|AA|20230503|20240331|||
CIC |TR23|00000180|20230503|51230000|BANQUE CIC                  |        |                                 |CIC 0523|20230503|SAS GROUPE RICAUD PR        |0000000000,00|0000003743,31|  |        |20240331|||
CIC |TR23|00000181|20230505|40100000|FOURNISSEURS A 20.0%        |40106310|DECLICEXPRO                      |CIC 0523|20230505|DECLICEXPRO                 |0000000468,00|0000000000,00|AA|20230505|20240331|||
CIC |TR23|00000181|20230505|51230000|BANQUE CIC                  |        |                                 |CIC 0523|20230505|DECLICEXPRO                 |0000000000,00|0000000468,00|  |        |20240331|||
CIC |TR23|00000182|20230515|40100000|FOURNISSEURS A 20.0%        |40108810|PLAZGRO                          |CIC 0523|20230515|PLAZZA GROSSISTE            |0000000161,04|0000000000,00|AA|20230523|20240331|||
CIC |TR23|00000182|20230515|51230000|BANQUE CIC                  |        |                                 |CIC 0523|20230515|PLAZZA GROSSISTE            |0000000000,00|0000000161,04|  |        |20240331|||
CIC |TR23|00000183|20230517|41100000|CLIENTS A 5.5%              |41101590|E.LECLERC CARPENTR               |CIC 0523|20230517|VIR AUZON VENTOUX           |0000000000,00|0000000280,24|AE|20230517|20240331|||
CIC |TR23|00000183|20230517|51230000|BANQUE CIC                  |        |                                 |CIC 0523|20230517|VIR AUZON VENTOUX           |0000000280,24|0000000000,00|  |        |20240331|||
CIC |TR23|00000184|20230522|41100000|CLIENTS A 5.5%              |41101590|E.LECLERC CARPENTR               |CIC 0523|20230522|VIR AUZON VENTOUX           |0000000000,00|0000000155,09|AF|20230522|20240331|||
CIC |TR23|00000184|20230522|51230000|BANQUE CIC                  |        |                                 |CIC 0523|20230522|VIR AUZON VENTOUX           |0000000155,09|0000000000,00|  |        |20240331|||
CIC |TR23|00000185|20230526|44551000|TVA A DECAISSER             |        |                                 |CIC 0523|20230526|TVA 04/2023                 |0000000123,00|0000000000,00|AB|20230526|20240331|||
CIC |TR23|00000185|20230526|51230000|BANQUE CIC                  |        |                                 |CIC 0523|20230526|TVA 04/2023                 |0000000000,00|0000000123,00|  |        |20240331|||
CIC |TR23|00000186|20230602|41100000|CLIENTS A 5.5%              |41102430|JARDIN DES PAPES                 |CIC 0623|20230602|JDP                         |0000000000,00|0000009483,03|AA|20230602|20240331|||
CIC |TR23|00000186|20230602|51230000|BANQUE CIC                  |        |                                 |CIC 0623|20230602|JDP                         |0000009483,03|0000000000,00|  |        |20240331|||
CIC |TR23|00000187|20230608|40100000|FOURNISSEURS A 20.0%        |40105735|CAPFL                            |CIC 0623|20230608|CAPFL ACOMPTE               |0000008369,60|0000000000,00|  |        |20240331|||
CIC |TR23|00000187|20230608|51230000|BANQUE CIC                  |        |                                 |CIC 0623|20230608|CAPFL ACOMPTE               |0000000000,00|0000008369,60|  |        |20240331|||
CIC |TR23|00000188|20230612|40100000|FOURNISSEURS A 20.0%        |40106310|DECLICEXPRO                      |CIC 0623|20230612|DECLIC EXPRO ETIQUET        |0000000300,00|0000000000,00|  |        |20240331|||
CIC |TR23|00000188|20230612|51230000|BANQUE CIC                  |        |                                 |CIC 0623|20230612|DECLIC EXPRO ETIQUET        |0000000000,00|0000000300,00|  |        |20240331|||
CIC |TR23|00000189|20230622|41100000|CLIENTS A 5.5%              |41102985|LOU MISTRAOU                     |CIC 0623|20230622|LOU MISTRAOU                |0000000000,00|0000001189,67|AA|20230622|20240331|||
CIC |TR23|00000189|20230622|51230000|BANQUE CIC                  |        |                                 |CIC 0623|20230622|LOU MISTRAOU                |0000001189,67|0000000000,00|  |        |20240331|||
CIC |TR23|00000190|20230626|41100000|CLIENTS A 5.5%              |41102430|JARDIN DES PAPES                 |CIC 0623|20230626|JDP                         |0000000000,00|0000002285,21|AB|20230626|20240331|||
CIC |TR23|00000190|20230626|51230000|BANQUE CIC                  |        |                                 |CIC 0623|20230626|JDP                         |0000002285,21|0000000000,00|  |        |20240331|||
CIC |TR23|00000191|20230626|41100000|CLIENTS A 5.5%              |41100735|CAPL                             |CIC 0623|20230626|VIR COOPERATIVE AGRI        |0000000000,00|0000000092,77|AA|20230626|20240331|||
CIC |TR23|00000191|20230626|51230000|BANQUE CIC                  |        |                                 |CIC 0623|20230626|VIR COOPERATIVE AGRI        |0000000092,77|0000000000,00|  |        |20240331|||
AN  |OD54|00000192|20230101|10100000|CAPITAL ET RESERVES         |        |                                 |sans    |20230101|CAPITAL                     |0000000000,00|0000001000,00|  |        |20240331|||
AN  |OD54|00000192|20230101|11000000|REPORT A NOUVEAU            |        |                                 |S.A.N.  |20230101|REPORT A NOUVEAU            |0000005222,90|0000000000,00|  |        |20240331|||
AN  |OD54|00000192|20230101|12900000|RESULTAT DE L'EXERCICE PERTE|        |                                 |sans    |20230101|RESULTAT DE L'EXERCI        |0000000000,00|0000002611,45|A |20230331|20240331|||
AN  |OD54|00000192|20230101|35500000|PRODUITS FINIS              |        |                                 |sans    |20230101|PRODUITS FINIS              |0000017121,09|0000000000,00|  |        |20240331|||
AN  |OD54|00000192|20230101|41100000|CLIENTS A 5.5%              |41104248|SARL A VOTRE SERVI               |sans    |20230101|SARL A VOTRE SERVICE        |0000000074,71|0000000000,00|  |        |20240331|||
AN  |OD54|00000192|20230101|41100000|CLIENTS A 5.5%              |41104251|SAS CHAMP DES GARR               |sans    |20230101|CHAMPS DES GARRIGUES        |0000000000,00|0000000056,03|  |        |20240331|||
AN  |OD54|00000192|20230101|41100000|CLIENTS A 5.5%              |41101050|COLRUYT RETAIL FRA               |sans    |20230101|COLRUYT - F100057-NE        |0000006581,47|0000000000,00|AA|20230210|20240331|||
AN  |OD54|00000192|20230101|41100000|CLIENTS A 5.5%              |41101311|DESTOCKPRIM                      |sans    |20230101|DESTOCKPRIM                 |0000001635,52|0000000000,00|AA|20230627|20240331|||
AN  |OD54|00000192|20230101|41100000|CLIENTS A 5.5%              |41101745|FINISTERESTES29                  |sans    |20230101|FINISTERESTES29 - F1        |0000002153,47|0000000000,00|AA|20230313|20240331|||
AN  |OD54|00000192|20230101|41100000|CLIENTS A 5.5%              |41101745|FINISTERESTES29                  |sans    |20230101|FINISTERESTES29 - F1        |0000001109,40|0000000000,00|AA|20230313|20240331|||
AN  |OD54|00000192|20230101|41100000|CLIENTS A 5.5%              |41101745|FINISTERESTES29                  |sans    |20230101|FINISTERESTES29 - F1        |0000000837,94|0000000000,00|AA|20230313|20240331|||
AN  |OD54|00000192|20230101|41100000|CLIENTS A 5.5%              |41101745|FINISTERESTES29                  |sans    |20230101|FINISTERESTES29 - F1        |0000000837,94|0000000000,00|AA|20230313|20240331|||
AN  |OD54|00000192|20230101|41100000|CLIENTS A 5.5%              |41101745|FINISTERESTES29                  |sans    |20230101|FINISTERESTES29 - F1        |0000000837,94|0000000000,00|AA|20230313|20240331|||
AN  |OD54|00000192|20230101|41100000|CLIENTS A 5.5%              |41101745|FINISTERESTES29                  |sans    |20230101|FINISTERESTES29 - F1        |0000000837,94|0000000000,00|AB|20230322|20240331|||
AN  |OD54|00000192|20230101|41100000|CLIENTS A 5.5%              |41101589|E LECLERC ARLES                  |sans    |20230101|LECLERC ARLES - F100        |0000000360,84|0000000000,00|AA|20230428|20240331|||
AN  |OD54|00000192|20230101|41100000|CLIENTS A 5.5%              |41101590|E.LECLERC CARPENTR               |sans    |20230101|E.LECLERC CARPENTRAS        |0000000055,07|0000000000,00|AD|20230411|20240331|||
AN  |OD54|00000192|20230101|41100000|CLIENTS A 5.5%              |41104249|SADO ITM SORGUES                 |sans    |20230101|SADO ITM SORGUES - F        |0000000148,14|0000000000,00|AA|20230103|20240331|||
AN  |OD54|00000192|20230101|41100000|CLIENTS A 5.5%              |41104680|TOCO                             |sans    |20230101|TOCO                        |0000000074,71|0000000000,00|AA|20230525|20240331|||
AN  |OD54|00000192|20230101|44400000|IMPOT SUR LES SOCIETES      |        |                                 |sans    |20230101|ETAT - IMPOTS SUR LE        |0000000000,00|0000000077,00|AA|20230517|20240331|||
AN  |OD54|00000192|20230101|44567000|CREDIT DE TVA A REPORTER    |        |                                 |sans    |20230101|DECLARATION-CA3 NOVE        |0000001754,00|0000000000,00|A |20230101|20240331|||
AN  |OD54|00000192|20230101|44567000|CREDIT DE TVA A REPORTER    |        |                                 |sans    |20230101|TVA 12/2022-TVA 12/2        |0000000000,00|0000001754,00|A |20230101|20240331|||
AN  |OD54|00000192|20230101|44567000|CREDIT DE TVA A REPORTER    |        |                                 |sans    |20230101|TVA 12/2022-TVA 12/2        |0000001748,00|0000000000,00|B |20230131|20240331|||
AN  |OD54|00000192|20230101|44860000|ETAT - CHARGES A PAYER      |        |                                 |sans    |20230101|ETAT CHARGES A PAYER        |0000000000,00|0000000500,00|A |20230101|20240331|||
AN  |OD54|00000192|20230101|45510000|JARDIN DES PAPES            |        |                                 |sans    |20230101|JARDIN DES PAPES            |0000000000,00|0000044203,33|  |        |20240331|||
AN  |OD54|00000192|20230101|46860000|CHARGES A PAYER             |        |                                 |sans    |20230101|HONORAIRES-CHARGES A        |0000000000,00|0000000600,00|A |20230101|20240331|||
AN  |OD54|00000192|20230101|46860000|CHARGES A PAYER             |        |                                 |sans    |20230101|HONORAIRES-CHARGES A        |0000000000,00|0000000750,00|A |20230101|20240331|||
AN  |OD54|00000192|20230101|51230000|BANQUE CIC                  |        |                                 |sans    |20230101|BANQUE CIC                  |0000002759,42|0000000000,00|  |        |20240331|||
AN  |OD54|00000192|20230101|51250000|BANQUE CREDIT AGRICOLE      |        |                                 |sans    |20230101|CREDIT AGRICOLE             |0000010243,02|0000000000,00|  |        |20240331|||
AN  |OD54|00000192|20230101|12000000|RESULTAT NET DE L'EXERCICE  |        |                                 |sans    |20230101|RESULTAT DE L'EXERCI        |0000000000,00|0000002841,71|  |        |20240331|||
IN  |OD55|00000193|20230101|62260000|HONORAIRES                  |        |                                 |sans    |20230101|CHARGES A PAYER             |0000000000,00|0000000750,00|  |        |20240331|||
IN  |OD55|00000193|20230101|46860000|CHARGES A PAYER             |        |                                 |sans    |20230101|CHARGES A PAYER             |0000000750,00|0000000000,00|A |20230101|20240331|||
IN  |OD55|00000194|20230101|62260000|HONORAIRES                  |        |                                 |sans    |20230101|CHARGES A PAYER             |0000000000,00|0000000600,00|  |        |20240331|||
IN  |OD55|00000194|20230101|46860000|CHARGES A PAYER             |        |                                 |sans    |20230101|CHARGES A PAYER             |0000000600,00|0000000000,00|A |20230101|20240331|||
IN  |OD55|00000195|20230101|44860000|ETAT - CHARGES A PAYER      |        |                                 |sans    |20230101|ETAT CHARGES A PAYER        |0000000500,00|0000000000,00|A |20230101|20240331|||
IN  |OD55|00000195|20230101|63511000|CFE - CVAE                  |        |                                 |sans    |20230101|ETAT CHARGES A PAYER        |0000000000,00|0000000500,00|  |        |20240331|||
FG  |OD57|00000196|20230101|60220000|FOURNITURES CONSOMMABLES    |        |                                 |sans    |20230101|ETIQ 37X79 ETIQUETTE        |0000000582,48|0000000000,00|  |        |20240331|||
FG  |OD57|00000196|20230101|44566700|TVA SUR ABS 20 %            |        |                                 |sans    |20230101|ETIQ 37X79 ETIQUETTE        |0000000116,50|0000000000,00|  |        |20240331|||
FG  |OD57|00000196|20230101|40100000|FOURNISSEURS A 20.0%        |40108880|PROVETIQ                         |sans    |20230101|ETIQ 37X79 ETIQUETTE        |0000000000,00|0000000698,98|AA|20230206|20240331|||
FG  |OD57|00000197|20230103|62260000|HONORAIRES                  |        |                                 |sans    |20230103|POURSUITE ACTIVITE          |0000000852,42|0000000000,00|  |        |20240331|||
FG  |OD57|00000197|20230103|44566700|TVA SUR ABS 20 %            |        |                                 |sans    |20230103|POURSUITE ACTIVITE          |0000000168,12|0000000000,00|  |        |20240331|||
FG  |OD57|00000197|20230103|40100000|FOURNISSEURS A 20.0%        |40106745|FIELOUX                          |sans    |20230103|POURSUITE ACTIVITE          |0000000000,00|0000001020,54|  |        |20240331|||
FG  |OD57|00000198|20230105|62220000|COMMISSIONS ET COURTAGES SUR|        |                                 |sans    |20230105|COMMISSIONS ET COURT        |0000000041,55|0000000000,00|  |        |20240331|||
FG  |OD57|00000198|20230105|44566700|TVA SUR ABS 20 %            |        |                                 |sans    |20230105|COMMISSIONS ET COURT        |0000000008,31|0000000000,00|  |        |20240331|||
FG  |OD57|00000198|20230105|40100000|FOURNISSEURS A 20.0%        |40107270|HEXEKO                           |sans    |20230105|COMMISSIONS ET COURT        |0000000000,00|0000000049,86|AA|20230221|20240331|||
FG  |OD57|00000199|20230428|62600000|FRAIS POSTAUX ET FRAIS DE TE|        |                                 |sans    |20230428|FRAIS POSTAUX 04/202        |0000000038,85|0000000000,00|  |        |20240331|||
FG  |OD57|00000199|20230428|40100000|FOURNISSEURS A 20.0%        |40107620|LAPOSTE                          |sans    |20230428|FRAIS POSTAUX 04/202        |0000000000,00|0000000038,85|AC|20230502|20240331|||
FG  |OD57|00000200|20230430|60700100|ACHAT GASPACHO TOMATES ANCIE|        |                                 |sans    |20230430|ACHAT GASPACHO TOMAT        |0000003548,16|0000000000,00|  |        |20240331|||
FG  |OD57|00000200|20230430|44566500|TVA SUR ABS 5.5 %           |        |                                 |sans    |20230430|ACHAT GASPACHO TOMAT        |0000000195,15|0000000000,00|  |        |20240331|||
FG  |OD57|00000200|20230430|40100000|FOURNISSEURS A 20.0%        |40109251|SAS GROUPE RICAUD                |sans    |20230430|ACHAT GASPACHO TOMAT        |0000000000,00|0000003743,31|AA|20230503|20240331|||
FG  |OD57|00000201|20230505|61112000|SOUS TRAITANCE              |        |                                 |sans    |20230505|CREAT MAQUETTE ETIQ        |0000000390,00|0000000000,00|  |        |20240331|||
FG  |OD57|00000201|20230505|44566700|TVA SUR ABS 20 %            |        |                                 |sans    |20230505|CREAT MAQUETTE ETIQ        |0000000078,00|0000000000,00|  |        |20240331|||
FG  |OD57|00000201|20230505|40100000|FOURNISSEURS A 20.0%        |40106310|DECLICEXPRO                      |sans    |20230505|CREAT MAQUETTE ETIQ        |0000000000,00|0000000468,00|AA|20230505|20240331|||
FG  |OD57|00000202|20230505|62570000|RECEPTIONS                  |        |                                 |sans    |20230505|2 REPAS COMPLET             |0000000012,92|0000000000,00|  |        |20240331|||
FG  |OD57|00000202|20230505|44566700|TVA SUR ABS 20 %            |        |                                 |sans    |20230505|2 REPAS COMPLET             |0000000002,58|0000000000,00|  |        |20240331|||
FG  |OD57|00000202|20230505|62570000|RECEPTIONS                  |        |                                 |sans    |20230505|2 REPAS COMPLET             |0000000027,27|0000000000,00|  |        |20240331|||
FG  |OD57|00000202|20230505|44566900|TVA SUR ABS 10 %            |        |                                 |sans    |20230505|2 REPAS COMPLET             |0000000002,73|0000000000,00|  |        |20240331|||
FG  |OD57|00000202|20230505|40100000|FOURNISSEURS A 20.0%        |40108995|RESTO                            |sans    |20230505|EL MERKADO                  |0000000000,00|0000000045,50|AA|20230509|20240331|||
FG  |OD57|00000203|20230506|62510000|VOYAGES ET DEPLACEMENTS     |        |                                 |sans    |20230506|DEPLACEMENT JEANNE          |0000000033,33|0000000000,00|  |        |20240331|||
FG  |OD57|00000203|20230506|44566700|TVA SUR ABS 20 %            |        |                                 |sans    |20230506|DEPLACEMENT JEANNE          |0000000006,67|0000000000,00|  |        |20240331|||
FG  |OD57|00000203|20230506|62510000|VOYAGES ET DEPLACEMENTS     |        |                                 |sans    |20230506|DEPLACEMENT JEANNE          |0000000141,82|0000000000,00|  |        |20240331|||
FG  |OD57|00000203|20230506|44566900|TVA SUR ABS 10 %            |        |                                 |sans    |20230506|DEPLACEMENT JEANNE          |0000000014,18|0000000000,00|  |        |20240331|||
FG  |OD57|00000203|20230506|62510000|VOYAGES ET DEPLACEMENTS     |        |                                 |sans    |20230506|DEPLACEMENT JEANNE          |0000000004,02|0000000000,00|  |        |20240331|||
FG  |OD57|00000203|20230506|40100000|FOURNISSEURS A 20.0%        |40107337|HOTEL                            |sans    |20230506|DEPLACEMENT JEANNE          |0000000000,00|0000000200,02|AA|20230509|20240331|||
FG  |OD57|00000204|20230519|62600000|FRAIS POSTAUX ET FRAIS DE TE|        |                                 |sans    |20230519|COLISSIMO                   |0000000038,85|0000000000,00|  |        |20240331|||
FG  |OD57|00000204|20230519|40100000|FOURNISSEURS A 20.0%        |40107620|LAPOSTE                          |sans    |20230519|COLISSIMO                   |0000000000,00|0000000038,85|AB|20230519|20240331|||
FG  |OD57|00000205|20230522|60640000|FOURNITURES DE BUREAUX      |        |                                 |sans    |20230522|TABLES PLIABLES             |0000000092,59|0000000000,00|  |        |20240331|||
FG  |OD57|00000205|20230522|40100000|FOURNISSEURS A 20.0%        |40107785|LEROY MERLIN                     |sans    |20230522|TABLES PLIABLES             |0000000000,00|0000000092,59|AA|20230523|20240331|||
FG  |OD57|00000206|20230523|60260000|ACHATS EMBALLAGES FRANCE    |        |                                 |sans    |20230523|SAC BOUTEILLE KRAFT         |0000000032,90|0000000000,00|  |        |20240331|||
FG  |OD57|00000206|20230523|60260000|ACHATS EMBALLAGES FRANCE    |        |                                 |sans    |20230523|SAC BOUTEILLE KRAFT         |0000000101,30|0000000000,00|  |        |20240331|||
FG  |OD57|00000206|20230523|44566700|TVA SUR ABS 20 %            |        |                                 |sans    |20230523|SAC BOUTEILLE KRAFT         |0000000026,84|0000000000,00|  |        |20240331|||
FG  |OD57|00000206|20230523|40100000|FOURNISSEURS A 20.0%        |40108810|PLAZGRO                          |sans    |20230523|SAC BOUTEILLE KRAFT         |0000000000,00|0000000161,04|AA|20230523|20240331|||
FG  |OD57|00000207|20230524|60680000|ACHATS CONSOMMABLES         |        |                                 |sans    |20230524|HOBI 2 BOIS ECORCE M        |0000000007,49|0000000000,00|  |        |20240331|||
FG  |OD57|00000207|20230524|44566700|TVA SUR ABS 20 %            |        |                                 |sans    |20230524|HOBI 2 BOIS ECORCE M        |0000000001,50|0000000000,00|  |        |20240331|||
FG  |OD57|00000207|20230524|40100000|FOURNISSEURS A 20.0%        |40105068|AMAZON                           |sans    |20230524|HOBI 2 BOIS ECORCE M        |0000000000,00|0000000008,99|AA|20230526|20240331|||
FG  |OD57|00000208|20230524|60680000|ACHATS CONSOMMABLES         |        |                                 |sans    |20230524|PETITE ARDOISE BOIS         |0000000011,66|0000000000,00|  |        |20240331|||
FG  |OD57|00000208|20230524|44566700|TVA SUR ABS 20 %            |        |                                 |sans    |20230524|PETITE ARDOISE BOIS         |0000000002,33|0000000000,00|  |        |20240331|||
FG  |OD57|00000208|20230524|40100000|FOURNISSEURS A 20.0%        |40105068|AMAZON                           |sans    |20230524|PETITE ARDOISE BOIS         |0000000000,00|0000000013,99|AA|20230526|20240331|||
FG  |OD57|00000209|20230524|60680000|ACHATS CONSOMMABLES         |        |                                 |sans    |20230524|SIMULAT LICHEN DE M        |0000000029,99|0000000000,00|  |        |20240331|||
FG  |OD57|00000209|20230524|44566700|TVA SUR ABS 20 %            |        |                                 |sans    |20230524|SIMULAT LICHEN DE M        |0000000006,00|0000000000,00|  |        |20240331|||
FG  |OD57|00000209|20230524|40100000|FOURNISSEURS A 20.0%        |40105068|AMAZON                           |sans    |20230524|SIMULAT LICHEN DE M        |0000000000,00|0000000035,99|AA|20230526|20240331|||
FG  |OD57|00000210|20230524|60680000|ACHATS CONSOMMABLES         |        |                                 |sans    |20230524|DISTRIBUTEUR JUS DE         |0000000157,50|0000000000,00|  |        |20240331|||
FG  |OD57|00000210|20230524|44566700|TVA SUR ABS 20 %            |        |                                 |sans    |20230524|DISTRIBUTEUR JUS DE         |0000000031,50|0000000000,00|  |        |20240331|||
FG  |OD57|00000210|20230524|40100000|FOURNISSEURS A 20.0%        |40105068|AMAZON                           |sans    |20230524|DISTRIBUTEUR JUS DE         |0000000000,00|0000000189,00|AA|20230526|20240331|||
FG  |OD57|00000211|20230524|60680000|ACHATS CONSOMMABLES         |        |                                 |sans    |20230524|RIDEAU - GUIRLANDE L        |0000000031,64|0000000000,00|  |        |20240331|||
FG  |OD57|00000211|20230524|44566700|TVA SUR ABS 20 %            |        |                                 |sans    |20230524|RIDEAU - GUIRLANDE L        |0000000006,34|0000000000,00|  |        |20240331|||
FG  |OD57|00000211|20230524|40100000|FOURNISSEURS A 20.0%        |40105068|AMAZON                           |sans    |20230524|RIDEAU - GUIRLANDE L        |0000000000,00|0000000037,98|AA|20230526|20240331|||
FG  |OD57|00000212|20230524|60680000|ACHATS CONSOMMABLES         |        |                                 |sans    |20230524|CAISSES A FRUITS VIN        |0000000053,33|0000000000,00|  |        |20240331|||
FG  |OD57|00000212|20230524|44566700|TVA SUR ABS 20 %            |        |                                 |sans    |20230524|CAISSES A FRUITS VIN        |0000000010,67|0000000000,00|  |        |20240331|||
FG  |OD57|00000212|20230524|40100000|FOURNISSEURS A 20.0%        |40105068|AMAZON                           |sans    |20230524|CAISSES A FRUITS VIN        |0000000000,00|0000000064,00|AA|20230526|20240331|||
FG  |OD57|00000213|20230525|60680000|ACHATS CONSOMMABLES         |        |                                 |sans    |20230525|12 GUIRLANDES LIERRE        |0000000015,82|0000000000,00|  |        |20240331|||
FG  |OD57|00000213|20230525|44566700|TVA SUR ABS 20 %            |        |                                 |sans    |20230525|12 GUIRLANDES LIERRE        |0000000003,17|0000000000,00|  |        |20240331|||
FG  |OD57|00000213|20230525|40100000|FOURNISSEURS A 20.0%        |40105068|AMAZON                           |sans    |20230525|12 GUIRLANDES LIERRE        |0000000000,00|0000000018,99|AA|20230526|20240331|||
FG  |OD57|00000214|20230525|60680000|ACHATS CONSOMMABLES         |        |                                 |sans    |20230525|MOUSSE ARTIFICIELLE         |0000000013,32|0000000000,00|  |        |20240331|||
FG  |OD57|00000214|20230525|44566700|TVA SUR ABS 20 %            |        |                                 |sans    |20230525|MOUSSE ARTIFICIELLE         |0000000002,67|0000000000,00|  |        |20240331|||
FG  |OD57|00000214|20230525|40100000|FOURNISSEURS A 20.0%        |40105068|AMAZON                           |sans    |20230525|MOUSSE ARTIFICIELLE         |0000000000,00|0000000015,99|AA|20230526|20240331|||
FG  |OD57|00000215|20230525|60680000|ACHATS CONSOMMABLES         |        |                                 |sans    |20230525|RONDIN DE BOIS              |0000000014,99|0000000000,00|  |        |20240331|||
FG  |OD57|00000215|20230525|44566700|TVA SUR ABS 20 %            |        |                                 |sans    |20230525|RONDIN DE BOIS              |0000000003,00|0000000000,00|  |        |20240331|||
FG  |OD57|00000215|20230525|40100000|FOURNISSEURS A 20.0%        |40105068|AMAZON                           |sans    |20230525|RONDIN DE BOIS              |0000000000,00|0000000017,99|AA|20230526|20240331|||
FG  |OD57|00000216|20230525|60500000|PRESTATIONS DE SERVICES EXT.|        |                                 |sans    |20230525|SERVICE GRAPHIQUE           |0000000016,67|0000000000,00|  |        |20240331|||
FG  |OD57|00000216|20230525|60680000|ACHATS CONSOMMABLES         |        |                                 |sans    |20230525|GOBELET PERSONNALISE        |0000000520,00|0000000000,00|  |        |20240331|||
FG  |OD57|00000216|20230525|60900000|RRR OBTENUS SUR ACHAT       |        |                                 |sans    |20230525|REMISE SUR GOBELET+P        |0000000000,00|0000000026,83|  |        |20240331|||
FG  |OD57|00000216|20230525|44566700|TVA SUR ABS 20 %            |        |                                 |sans    |20230525|GOBELET PERSONNALISE        |0000000101,97|0000000000,00|  |        |20240331|||
FG  |OD57|00000216|20230525|40100000|FOURNISSEURS A 20.0%        |40106255|CUPKILLER                        |sans    |20230525|GOBELET PERSONNALISE        |0000000000,00|0000000611,81|AB|20230525|20240331|||
FG  |OD57|00000217|20230525|60680000|ACHATS CONSOMMABLES         |        |                                 |sans    |20230525|BOITE A BILLETS META        |0000000027,49|0000000000,00|  |        |20240331|||
FG  |OD57|00000217|20230525|44566700|TVA SUR ABS 20 %            |        |                                 |sans    |20230525|BOITE A BILLETS META        |0000000005,50|0000000000,00|  |        |20240331|||
FG  |OD57|00000217|20230525|40100000|FOURNISSEURS A 20.0%        |40105068|AMAZON                           |sans    |20230525|BOITE A BILLETS META        |0000000000,00|0000000032,99|AA|20230526|20240331|||
FG  |OD57|00000218|20230525|60680000|ACHATS CONSOMMABLES         |        |                                 |sans    |20230525|GUIRLANDE LUMINEUSE         |0000000036,66|0000000000,00|  |        |20240331|||
FG  |OD57|00000218|20230525|44566700|TVA SUR ABS 20 %            |        |                                 |sans    |20230525|GUIRLANDE LUMINEUSE         |0000000007,33|0000000000,00|  |        |20240331|||
FG  |OD57|00000218|20230525|40100000|FOURNISSEURS A 20.0%        |40105068|AMAZON                           |sans    |20230525|GUIRLANDE LUMINEUSE         |0000000000,00|0000000043,99|AA|20230526|20240331|||
FG  |OD57|00000219|20230526|61520000|ENTRETIEN LOCAUX            |        |                                 |sans    |20230526|AMEUBLEMENT                 |0000000085,87|0000000000,00|  |        |20240331|||
FG  |OD57|00000219|20230526|44566700|TVA SUR ABS 20 %            |        |                                 |sans    |20230526|AMEUBLEMENT                 |0000000017,17|0000000000,00|  |        |20240331|||
FG  |OD57|00000219|20230526|40100000|FOURNISSEURS A 20.0%        |40109670|TISSUS GREGOIRE                  |sans    |20230526|AMEUBLEMENT                 |0000000000,00|0000000103,04|AA|20230530|20240331|||
FG  |OD57|00000220|20230526|60220000|FOURNITURES CONSOMMABLES    |        |                                 |sans    |20230526|ETIQ 71X220 NECTAR F        |0000004594,00|0000000000,00|  |        |20240331|||
FG  |OD57|00000220|20230526|60220000|FOURNITURES CONSOMMABLES    |        |                                 |sans    |20230526|ETIQ95X38 COLERETTE         |0000001357,47|0000000000,00|  |        |20240331|||
FG  |OD57|00000220|20230526|44566700|TVA SUR ABS 20 %            |        |                                 |sans    |20230526|ETIQ NECTAR+COLERETT        |0000001190,29|0000000000,00|  |        |20240331|||
FG  |OD57|00000220|20230526|40100000|FOURNISSEURS A 20.0%        |40108880|PROVETIQ                         |sans    |20230526|ETIQ NECTAR+COLERETT        |0000000000,00|0000007141,76|AB|20230623|20240331|||
FG  |OD57|00000221|20230530|60680000|ACHATS CONSOMMABLES         |        |                                 |sans    |20230530|GOBELET GIVRE               |0000000406,37|0000000000,00|  |        |20240331|||
FG  |OD57|00000221|20230530|44566700|TVA SUR ABS 20 %            |        |                                 |sans    |20230530|GOBELET GIVRE               |0000000081,27|0000000000,00|  |        |20240331|||
FG  |OD57|00000221|20230530|40100000|FOURNISSEURS A 20.0%        |40107050|GOBELET CUP                      |sans    |20230530|GOBELET GIVRE               |0000000000,00|0000000487,64|AA|20230531|20240331|||
FG  |OD57|00000222|20230531|62360000|SUPPORT PUBLICITAIRE        |        |                                 |sans    |20230531|KAKEMONO JDP JUS            |0000000041,05|0000000000,00|  |        |20240331|||
FG  |OD57|00000222|20230531|44566700|TVA SUR ABS 20 %            |        |                                 |sans    |20230531|KAKEMONO JDP JUS            |0000000008,21|0000000000,00|  |        |20240331|||
FG  |OD57|00000222|20230531|40100000|FOURNISSEURS A 20.0%        |40106765|FL PRINT                         |sans    |20230531|KAKEMONO JDP JUS            |0000000000,00|0000000049,26|A |20230601|20240331|||
FG  |OD57|00000223|20230609|62570000|RECEPTIONS                  |        |                                 |sans    |20230609|RECEPTIONS 10 ET 11         |0000000069,61|0000000000,00|  |        |20240331|||
FG  |OD57|00000223|20230609|44566500|TVA SUR ABS 5.5 %           |        |                                 |sans    |20230609|RECEPTIONS 10 ET 11         |0000000003,83|0000000000,00|  |        |20240331|||
FG  |OD57|00000223|20230609|62570000|RECEPTIONS                  |        |                                 |sans    |20230609|RECEPTIONS 10 ET 11         |0000000094,33|0000000000,00|  |        |20240331|||
FG  |OD57|00000223|20230609|44566700|TVA SUR ABS 20 %            |        |                                 |sans    |20230609|RECEPTIONS 10 ET 11         |0000000018,87|0000000000,00|  |        |20240331|||
FG  |OD57|00000223|20230609|40100000|FOURNISSEURS A 20.0%        |40109570|SUPERMARCHES                     |sans    |20230609|RECEPTIONS 10 ET 11         |0000000000,00|0000000186,64|AB|20230609|20240331|||
FG  |OD57|00000224|20230609|60640000|FOURNITURES DE BUREAUX      |        |                                 |sans    |20230609|PAINT MARKER+SET PIN        |0000000025,44|0000000000,00|  |        |20240331|||
FG  |OD57|00000224|20230609|44566700|TVA SUR ABS 20 %            |        |                                 |sans    |20230609|PAINT MARKER+SET PIN        |0000000005,09|0000000000,00|  |        |20240331|||
FG  |OD57|00000224|20230609|40100000|FOURNISSEURS A 20.0%        |40109570|SUPERMARCHES                     |sans    |20230609|PAINT MARKER+SET PIN        |0000000000,00|0000000030,53|AA|20230609|20240331|||
FG  |OD57|00000225|20230609|61520000|ENTRETIEN LOCAUX            |        |                                 |sans    |20230609|VOILAGE                     |0000000024,00|0000000000,00|  |        |20240331|||
FG  |OD57|00000225|20230609|44566700|TVA SUR ABS 20 %            |        |                                 |sans    |20230609|VOILAGE                     |0000000004,80|0000000000,00|  |        |20240331|||
FG  |OD57|00000225|20230609|40100000|FOURNISSEURS A 20.0%        |40109670|TISSUS GREGOIRE                  |sans    |20230609|VOILAGE                     |0000000000,00|0000000028,80|AB|20230609|20240331|||
FG  |OD57|00000226|20230613|60100000|ACHAT FRAISES NECTAR        |        |                                 |sans    |20230613|ACHAT FRAISES NECTAR        |0000002928,40|0000000000,00|  |        |20240331|||
FG  |OD57|00000226|20230613|44566500|TVA SUR ABS 5.5 %           |        |                                 |sans    |20230613|ACHAT FRAISES NECTAR        |0000000161,06|0000000000,00|  |        |20240331|||
FG  |OD57|00000226|20230613|40100000|FOURNISSEURS A 20.0%        |40105735|CAPFL                            |sans    |20230613|ACHAT FRAISES NECTAR        |0000000000,00|0000003089,46|  |        |20240331|||
FG  |OD57|00000227|20230613|60100000|ACHAT FRAISES NECTAR        |        |                                 |sans    |20230613|ACHAT FRAISES NECTAR        |0000004630,76|0000000000,00|  |        |20240331|||
FG  |OD57|00000227|20230613|44566500|TVA SUR ABS 5.5 %           |        |                                 |sans    |20230613|ACHAT FRAISES NECTAR        |0000000254,69|0000000000,00|  |        |20240331|||
FG  |OD57|00000227|20230613|40100000|FOURNISSEURS A 20.0%        |40105735|CAPFL                            |sans    |20230613|ACHAT FRAISES NECTAR        |0000000000,00|0000004885,45|  |        |20240331|||
FG  |OD57|00000228|20230620|60100000|ACHAT FRAISES NECTAR        |        |                                 |sans    |20230620|ACHAT FRAISES NECTAR        |0000006554,70|0000000000,00|  |        |20240331|||
FG  |OD57|00000228|20230620|44566500|TVA SUR ABS 5.5 %           |        |                                 |sans    |20230620|ACHAT FRAISES NECTAR        |0000000360,51|0000000000,00|  |        |20240331|||
FG  |OD57|00000228|20230620|40100000|FOURNISSEURS A 20.0%        |40105735|CAPFL                            |sans    |20230620|ACHAT FRAISES NECTAR        |0000000000,00|0000006915,21|  |        |20240331|||
FG  |OD57|00000229|20230620|60100000|ACHAT FRAISES NECTAR        |        |                                 |sans    |20230620|ACHAT FRAISES NECTAR        |0000006547,39|0000000000,00|  |        |20240331|||
FG  |OD57|00000229|20230620|44566500|TVA SUR ABS 5.5 %           |        |                                 |sans    |20230620|ACHAT FRAISES NECTAR        |0000000360,11|0000000000,00|  |        |20240331|||
FG  |OD57|00000229|20230620|40100000|FOURNISSEURS A 20.0%        |40105735|CAPFL                            |sans    |20230620|ACHAT FRAISES NECTAR        |0000000000,00|0000006907,50|  |        |20240331|||
FG  |OD57|00000230|20230621|60100000|ACHAT FRAISES NECTAR        |        |                                 |sans    |20230621|ACHAT FRAISES NECTAR        |0000001786,78|0000000000,00|  |        |20240331|||
FG  |OD57|00000230|20230621|44566500|TVA SUR ABS 5.5 %           |        |                                 |sans    |20230621|ACHAT FRAISES NECTAR        |0000000098,27|0000000000,00|  |        |20240331|||
FG  |OD57|00000230|20230621|40100000|FOURNISSEURS A 20.0%        |40105735|CAPFL                            |sans    |20230621|ACHAT FRAISES NECTAR        |0000000000,00|0000001885,05|  |        |20240331|||
FG  |OD57|00000231|20230621|60100000|ACHAT FRAISES NECTAR        |        |                                 |sans    |20230621|ACHAT FRAISES NECTAR        |0000002140,20|0000000000,00|  |        |20240331|||
FG  |OD57|00000231|20230621|44566500|TVA SUR ABS 5.5 %           |        |                                 |sans    |20230621|ACHAT FRAISES NECTAR        |0000000117,71|0000000000,00|  |        |20240331|||
FG  |OD57|00000231|20230621|40100000|FOURNISSEURS A 20.0%        |40105735|CAPFL                            |sans    |20230621|ACHAT FRAISES NECTAR        |0000000000,00|0000002257,91|  |        |20240331|||
FG  |OD57|00000232|20230627|62260000|HONORAIRES                  |        |                                 |sans    |20230627|JURIDIQUE                   |0000000590,00|0000000000,00|  |        |20240331|||
FG  |OD57|00000232|20230627|44566700|TVA SUR ABS 20 %            |        |                                 |sans    |20230627|JURIDIQUE                   |0000000118,00|0000000000,00|  |        |20240331|||
FG  |OD57|00000232|20230627|40100000|FOURNISSEURS A 20.0%        |40107430|J.ROUSTAN & ASSOCI               |sans    |20230627|JURIDIQUE                   |0000000000,00|0000000708,00|  |        |20240331|||
OD  |OD59|00000233|20230131|44567000|CREDIT DE TVA A REPORTER    |        |                                 |sans    |20230131|CREDIT DE TVA  CA3 0        |0000000000,00|0000001748,00|B |20230131|20240331|||
OD  |OD59|00000233|20230131|44567000|CREDIT DE TVA A REPORTER    |        |                                 |sans    |20230131|CREDIT DE TVA CA3 02        |0000001863,00|0000000000,00|C |20230228|20240331|||
OD  |OD59|00000233|20230131|44566700|TVA SUR ABS 20 %            |        |                                 |sans    |20230131|CREDIT DE TVA  CA3 0        |0000000000,00|0000000115,00|  |        |20240331|||
OD  |OD59|00000234|20230131|44566700|TVA SUR ABS 20 %            |        |                                 |sans    |20230131|TVA SUR ABS 20 %            |0000000000,00|0000000115,00|  |        |20240331|||
OD  |OD59|00000234|20230131|44567000|CREDIT DE TVA A REPORTER    |        |                                 |sans    |20230131|CREDIT DE TVA A REPO        |0000000000,00|0000001758,00|D |20230331|20240331|||
OD  |OD59|00000234|20230131|44567000|CREDIT DE TVA A REPORTER    |        |                                 |sans    |20230131|TVA SUR ABS 20 %            |0000001873,00|0000000000,00|E |20230331|20240331|||
OD  |OD59|00000235|20230228|44567000|CREDIT DE TVA A REPORTER    |        |                                 |sans    |20230228|CA3 03.23                   |0000001863,00|0000000000,00|F |20230331|20240331|||
OD  |OD59|00000235|20230228|44567000|CREDIT DE TVA A REPORTER    |        |                                 |sans    |20230228|CA3 03.23                   |0000000000,00|0000001863,00|C |20230228|20240331|||
OD  |OD59|00000236|20230331|44567000|CREDIT DE TVA A REPORTER    |        |                                 |sans    |20230331|CA3 03.23                   |0000001758,00|0000000000,00|D |20230331|20240331|||
OD  |OD59|00000236|20230331|44567000|CREDIT DE TVA A REPORTER    |        |                                 |sans    |20230331|CA3 03.23                   |0000000000,00|0000001873,00|E |20230331|20240331|||
OD  |OD59|00000236|20230331|44566700|TVA SUR ABS 20 %            |        |                                 |sans    |20230331|CA3 03.23                   |0000000115,00|0000000000,00|  |        |20240331|||
OD  |OD59|00000237|20230331|11000000|REPORT A NOUVEAU            |        |                                 |sans    |20230331|AFFECTATION 2021            |0000000000,00|0000002611,45|  |        |20240331|||
OD  |OD59|00000237|20230331|12900000|RESULTAT DE L'EXERCICE PERTE|        |                                 |sans    |20230331|AFFECTATION 2021            |0000002611,45|0000000000,00|A |20230331|20240331|||
OD  |OD59|00000238|20230331|44566700|TVA SUR ABS 20 %            |        |                                 |sans    |20230331|CA3 03.23                   |0000000000,00|0000000008,00|  |        |20240331|||
OD  |OD59|00000238|20230331|44567000|CREDIT DE TVA A REPORTER    |        |                                 |sans    |20230331|CA3 03.23                   |0000000000,00|0000001863,00|F |20230331|20240331|||
OD  |OD59|00000238|20230331|44567000|CREDIT DE TVA A REPORTER    |        |                                 |sans    |20230331|CA3 03.23                   |0000001259,00|0000000000,00|G |20230430|20240331|||
OD  |OD59|00000238|20230331|44551000|TVA A DECAISSER             |        |                                 |sans    |20230331|CA3 03.23                   |0000000000,00|0000000147,00|AA|20230426|20240331|||
OD  |OD59|00000238|20230331|63000000|TAXE BOISSON                |        |                                 |sans    |20230331|CA3 03.23                   |0000000147,00|0000000000,00|  |        |20240331|||
OD  |OD59|00000238|20230331|44571200|TVA COLLECTEE 5,5 % DEBITS  |        |                                 |sans    |20230331|CA3 03.23                   |0000000612,00|0000000000,00|  |        |20240331|||
OD  |OD59|00000239|20230430|44566500|TVA SUR ABS 5.5 %           |        |                                 |sans    |20230430|TVA SUR ABS 5.5 %           |0000000000,00|0000000195,00|  |        |20240331|||
OD  |OD59|00000239|20230430|44567000|CREDIT DE TVA A REPORTER    |        |                                 |sans    |20230430|CREDIT DE TVA A REPO        |0000000000,00|0000001259,00|G |20230430|20240331|||
OD  |OD59|00000239|20230430|44567000|CREDIT DE TVA A REPORTER    |        |                                 |sans    |20230430|CREDIT DE TVA A REPO        |0000001024,00|0000000000,00|H |20230531|20240331|||
OD  |OD59|00000239|20230430|63000000|TAXE BOISSON                |        |                                 |sans    |20230430|TAXE BOISSON                |0000000123,00|0000000000,00|  |        |20240331|||
OD  |OD59|00000239|20230430|44551000|TVA A DECAISSER             |        |                                 |sans    |20230430|CA3 04.2023                 |0000000000,00|0000000123,00|AB|20230526|20240331|||
OD  |OD59|00000239|20230430|44571200|TVA COLLECTEE 5,5 % DEBITS  |        |                                 |sans    |20230430|TVA SUR ABS 5.5 %           |0000000430,00|0000000000,00|  |        |20240331|||
OD  |OD59|00000240|20230503|41100000|CLIENTS A 5.5%              |41101591|E.LECLERC APT                    |sans    |20230503|sans                        |0000000000,01|0000000000,00|AA|20230503|20240331|||
OD  |OD59|00000240|20230503|77800000|AUTRES PRODUITS EXCEPTIONNEL|        |                                 |sans    |20230503|sans                        |0000000000,00|0000000000,01|  |        |20240331|||
OD  |OD59|00000241|20230510|41100000|CLIENTS A 5.5%              |41102785|LES DELICES DU JAR               |sans    |20230510|sans                        |0000000000,00|0000000000,01|  |        |20240331|||
OD  |OD59|00000241|20230510|67800000|ECART DE REGLEMENT DEBIT    |        |                                 |sans    |20230510|sans                        |0000000000,01|0000000000,00|  |        |20240331|||
OD  |OD59|00000242|20230517|51230000|BANQUE CIC                  |        |                                 |sans    |20230517|IMPOTS SUR LES BENEF        |0000000000,00|0000000077,00|  |        |20240331|||
OD  |OD59|00000242|20230517|44400000|IMPOT SUR LES SOCIETES      |        |                                 |sans    |20230517|IMPOTS SUR LES BENEF        |0000000077,00|0000000000,00|AA|20230517|20240331|||
OD  |OD59|00000243|20230525|40100000|FOURNISSEURS A 20.0%        |40106255|CUPKILLER                        |sans    |20230525|sans                        |0000000000,01|0000000000,00|AB|20230525|20240331|||
OD  |OD59|00000243|20230525|77800000|AUTRES PRODUITS EXCEPTIONNEL|        |                                 |sans    |20230525|sans                        |0000000000,00|0000000000,01|  |        |20240331|||
OD  |OD59|00000244|20230531|44566700|TVA SUR ABS 20 %            |        |                                 |sans    |20230531|CA3 05.23                   |0000000000,00|0000000289,00|  |        |20240331|||
OD  |OD59|00000244|20230531|44566900|TVA SUR ABS 10 %            |        |                                 |sans    |20230531|CA3 05.23                   |0000000000,00|0000000002,00|  |        |20240331|||
OD  |OD59|00000244|20230531|44567000|CREDIT DE TVA A REPORTER    |        |                                 |sans    |20230531|CA3 05.23                   |0000000000,00|0000001024,00|H |20230531|20240331|||
OD  |OD59|00000244|20230531|44567000|CREDIT DE TVA A REPORTER    |        |                                 |sans    |20230531|CA3 05.23                   |0000000770,00|0000000000,00|  |        |20240331|||
OD  |OD59|00000244|20230531|63000000|TAXE BOISSON                |        |                                 |sans    |20230531|CA3 05.23                   |0000000082,00|0000000000,00|  |        |20240331|||
OD  |OD59|00000244|20230531|44551000|TVA A DECAISSER             |        |                                 |sans    |20230531|CA3 05.23                   |0000000000,00|0000000082,00|AC|20230628|20240331|||
OD  |OD59|00000244|20230531|44571200|TVA COLLECTEE 5,5 % DEBITS  |        |                                 |sans    |20230531|CA3 05.23                   |0000000545,00|0000000000,00|  |        |20240331|||
OD  |OD59|00000245|20230626|41100000|CLIENTS A 5.5%              |41100735|CAPL                             |sans    |20230626|sans                        |0000000000,01|0000000000,00|AA|20230626|20240331|||
OD  |OD59|00000245|20230626|77800000|AUTRES PRODUITS EXCEPTIONNEL|        |                                 |sans    |20230626|sans                        |0000000000,00|0000000000,01|  |        |20240331|||
OD  |OD59|00000246|20230628|51230000|BANQUE CIC                  |        |                                 |sans    |20230628|DGFIP                       |0000000000,00|0000000082,00|  |        |20240331|||
OD  |OD59|00000246|20230628|44551000|TVA A DECAISSER             |        |                                 |sans    |20230628|DGFIP                       |0000000082,00|0000000000,00|AC|20230628|20240331|||
OJRA|OD63|00000247|20230630|44571200|TVA COLLECTEE 5,5 % DEBITS  |        |                                 |sans    |20230630|CA3 06.2023                 |0000000385,00|0000000000,00|  |        |20240331|||
OJRA|OD63|00000247|20230630|44566500|TVA SUR ABS 5.5 %           |        |                                 |sans    |20230630|CA3 06.2023                 |0000000000,00|0000001356,00|  |        |20240331|||
OJRA|OD63|00000247|20230630|44566700|TVA SUR ABS 20 %            |        |                                 |sans    |20230630|CA3 06.2023                 |0000000000,00|0000001333,00|  |        |20240331|||
OJRA|OD63|00000247|20230630|44566900|TVA SUR ABS 10 %            |        |                                 |sans    |20230630|CA3 06.2023                 |0000000000,00|0000000015,00|  |        |20240331|||
OJRA|OD63|00000247|20230630|44567000|CREDIT DE TVA A REPORTER    |        |                                 |sans    |20230630|CA3 06.2023                 |0000000000,00|0000000770,00|  |        |20240331|||
OJRA|OD63|00000247|20230630|44567000|CREDIT DE TVA A REPORTER    |        |                                 |sans    |20230630|CA3 06.2023                 |0000003089,00|0000000000,00|I |20230731|20240331|||
OJRA|OD63|00000248|20230731|44567000|CREDIT DE TVA A REPORTER    |        |                                 |sans    |20230731|CA3 07.2023                 |0000000000,00|0000003089,00|I |20230731|20240331|||
OJRA|OD63|00000248|20230731|44567000|CREDIT DE TVA A REPORTER    |        |                                 |sans    |20230731|CA3 07.2023                 |0000003089,00|0000000000,00|  |        |20240331|||
